%YAML 1.1
%TAG !u! tag:unity3d.com,2011:
--- !u!29 &1
OcclusionCullingSettings:
  m_ObjectHideFlags: 0
  serializedVersion: 2
  m_OcclusionBakeSettings:
    smallestOccluder: 5
    smallestHole: 0.25
    backfaceThreshold: 100
  m_SceneGUID: 00000000000000000000000000000000
  m_OcclusionCullingData: {fileID: 0}
--- !u!104 &2
RenderSettings:
  m_ObjectHideFlags: 0
  serializedVersion: 8
  m_Fog: 0
  m_FogColor: {r: 0.5, g: 0.5, b: 0.5, a: 1}
  m_FogMode: 3
  m_FogDensity: 0.01
  m_LinearFogStart: 0
  m_LinearFogEnd: 300
  m_AmbientSkyColor: {r: 0.212, g: 0.227, b: 0.259, a: 1}
  m_AmbientEquatorColor: {r: 0.114, g: 0.125, b: 0.133, a: 1}
  m_AmbientGroundColor: {r: 0.047, g: 0.043, b: 0.035, a: 1}
  m_AmbientIntensity: 1
  m_AmbientMode: 3
  m_SubtractiveShadowColor: {r: 0.42, g: 0.478, b: 0.627, a: 1}
  m_SkyboxMaterial: {fileID: 0}
  m_HaloStrength: 0.5
  m_FlareStrength: 1
  m_FlareFadeSpeed: 3
  m_HaloTexture: {fileID: 0}
  m_SpotCookie: {fileID: 10001, guid: 0000000000000000e000000000000000, type: 0}
  m_DefaultReflectionMode: 0
  m_DefaultReflectionResolution: 128
  m_ReflectionBounces: 1
  m_ReflectionIntensity: 1
  m_CustomReflection: {fileID: 0}
  m_Sun: {fileID: 0}
  m_IndirectSpecularColor: {r: 0, g: 0, b: 0, a: 1}
--- !u!157 &3
LightmapSettings:
  m_ObjectHideFlags: 0
  serializedVersion: 11
  m_GIWorkflowMode: 1
  m_GISettings:
    serializedVersion: 2
    m_BounceScale: 1
    m_IndirectOutputScale: 1
    m_AlbedoBoost: 1
    m_TemporalCoherenceThreshold: 1
    m_EnvironmentLightingMode: 0
    m_EnableBakedLightmaps: 0
    m_EnableRealtimeLightmaps: 0
  m_LightmapEditorSettings:
    serializedVersion: 9
    m_Resolution: 2
    m_BakeResolution: 40
    m_TextureWidth: 1024
    m_TextureHeight: 1024
    m_AO: 0
    m_AOMaxDistance: 1
    m_CompAOExponent: 1
    m_CompAOExponentDirect: 0
    m_Padding: 2
    m_LightmapParameters: {fileID: 0}
    m_LightmapsBakeMode: 1
    m_TextureCompression: 1
    m_FinalGather: 0
    m_FinalGatherFiltering: 1
    m_FinalGatherRayCount: 256
    m_ReflectionCompression: 2
    m_MixedBakeMode: 2
    m_BakeBackend: 0
    m_PVRSampling: 1
    m_PVRDirectSampleCount: 32
    m_PVRSampleCount: 500
    m_PVRBounces: 2
    m_PVRFilterTypeDirect: 0
    m_PVRFilterTypeIndirect: 0
    m_PVRFilterTypeAO: 0
    m_PVRFilteringMode: 1
    m_PVRCulling: 1
    m_PVRFilteringGaussRadiusDirect: 1
    m_PVRFilteringGaussRadiusIndirect: 5
    m_PVRFilteringGaussRadiusAO: 2
    m_PVRFilteringAtrousPositionSigmaDirect: 0.5
    m_PVRFilteringAtrousPositionSigmaIndirect: 2
    m_PVRFilteringAtrousPositionSigmaAO: 1
    m_ShowResolutionOverlay: 1
  m_LightingDataAsset: {fileID: 0}
  m_UseShadowmask: 1
--- !u!196 &4
NavMeshSettings:
  serializedVersion: 2
  m_ObjectHideFlags: 0
  m_BuildSettings:
    serializedVersion: 2
    agentTypeID: 0
    agentRadius: 0.5
    agentHeight: 2
    agentSlope: 45
    agentClimb: 0.4
    ledgeDropHeight: 0
    maxJumpAcrossDistance: 0
    minRegionArea: 2
    manualCellSize: 0
    cellSize: 0.16666667
    manualTileSize: 0
    tileSize: 256
    accuratePlacement: 0
    debug:
      m_Flags: 0
  m_NavMeshData: {fileID: 0}
--- !u!1 &70044774
GameObject:
  m_ObjectHideFlags: 0
  m_PrefabParentObject: {fileID: 0}
  m_PrefabInternal: {fileID: 0}
  serializedVersion: 5
  m_Component:
  - component: {fileID: 70044775}
  - component: {fileID: 70044776}
  - component: {fileID: 70044777}
  m_Layer: 10
  m_Name: caveFloatingPlatform_2
  m_TagString: Untagged
  m_Icon: {fileID: 0}
  m_NavMeshLayer: 0
  m_StaticEditorFlags: 4294967295
  m_IsActive: 1
--- !u!4 &70044775
Transform:
  m_ObjectHideFlags: 0
  m_PrefabParentObject: {fileID: 0}
  m_PrefabInternal: {fileID: 0}
  m_GameObject: {fileID: 70044774}
  m_LocalRotation: {x: -0, y: -0, z: -0, w: 1}
  m_LocalPosition: {x: 3.099, y: -0.068, z: 0}
  m_LocalScale: {x: 1, y: 1, z: 1}
  m_Children: []
  m_Father: {fileID: 1675530276}
  m_RootOrder: 4
  m_LocalEulerAnglesHint: {x: 0, y: 0, z: 0}
--- !u!212 &70044776
SpriteRenderer:
  m_ObjectHideFlags: 0
  m_PrefabParentObject: {fileID: 0}
  m_PrefabInternal: {fileID: 0}
  m_GameObject: {fileID: 70044774}
  m_Enabled: 1
  m_CastShadows: 0
  m_ReceiveShadows: 0
  m_DynamicOccludee: 1
  m_MotionVectors: 1
  m_LightProbeUsage: 1
  m_ReflectionProbeUsage: 1
  m_Materials:
  - {fileID: 10754, guid: 0000000000000000f000000000000000, type: 0}
  m_StaticBatchInfo:
    firstSubMesh: 0
    subMeshCount: 0
  m_StaticBatchRoot: {fileID: 0}
  m_ProbeAnchor: {fileID: 0}
  m_LightProbeVolumeOverride: {fileID: 0}
  m_ScaleInLightmap: 1
  m_PreserveUVs: 0
  m_IgnoreNormalsForChartDetection: 0
  m_ImportantGI: 0
  m_StitchLightmapSeams: 0
  m_SelectedEditorRenderState: 0
  m_MinimumChartSize: 4
  m_AutoUVMaxDistance: 0.5
  m_AutoUVMaxAngle: 89
  m_LightmapParameters: {fileID: 0}
  m_SortingLayerID: 377172545
  m_SortingLayer: 2
  m_SortingOrder: 0
  m_Sprite: {fileID: 21300004, guid: 51736fbddf4e188448917d8002d2b675, type: 3}
  m_Color: {r: 1, g: 1, b: 1, a: 1}
  m_FlipX: 0
  m_FlipY: 0
  m_DrawMode: 0
  m_Size: {x: 1.54, y: 0.36}
  m_AdaptiveModeThreshold: 0.5
  m_SpriteTileMode: 0
  m_WasSpriteAssigned: 1
  m_MaskInteraction: 0
--- !u!60 &70044777
PolygonCollider2D:
  m_ObjectHideFlags: 0
  m_PrefabParentObject: {fileID: 0}
  m_PrefabInternal: {fileID: 0}
  m_GameObject: {fileID: 70044774}
  m_Enabled: 1
  m_Density: 1
  m_Material: {fileID: 0}
  m_IsTrigger: 0
  m_UsedByEffector: 0
  m_UsedByComposite: 0
  m_Offset: {x: 0, y: 0}
  m_SpriteTilingProperty:
    border: {x: 0, y: 0, z: 0, w: 0}
    pivot: {x: 0.5, y: 0.5}
    oldSize: {x: 1.54, y: 0.36}
    newSize: {x: 1.54, y: 0.36}
    adaptiveTilingThreshold: 0.5
    drawMode: 0
    adaptiveTiling: 0
  m_AutoTiling: 0
  m_Points:
    m_Paths:
    - - {x: 0.62, y: -0.07}
      - {x: 0.77, y: 0.04}
      - {x: 0.77, y: 0.17999999}
      - {x: 0.38823295, y: 0.16553003}
      - {x: 0.19929314, y: 0.12588346}
      - {x: 0.07376289, y: 0.076236814}
      - {x: -0.19000006, y: 0.13106014}
      - {x: -0.3451767, y: 0.116236806}
      - {x: -0.37553024, y: 0.12070677}
      - {x: -0.770519, y: 0.11797243}
      - {x: -0.77, y: -0.17999999}
      - {x: 0.17, y: -0.17999999}
      - {x: 0.25, y: -0.16}
      - {x: 0.44, y: -0.14}
--- !u!1 &136292549
GameObject:
  m_ObjectHideFlags: 0
  m_PrefabParentObject: {fileID: 0}
  m_PrefabInternal: {fileID: 0}
  serializedVersion: 5
  m_Component:
  - component: {fileID: 136292552}
  - component: {fileID: 136292551}
  - component: {fileID: 136292550}
  m_Layer: 0
  m_Name: PlatformWhiteSprite (1)
  m_TagString: Untagged
  m_Icon: {fileID: 0}
  m_NavMeshLayer: 0
  m_StaticEditorFlags: 0
  m_IsActive: 1
--- !u!61 &136292550
BoxCollider2D:
  m_ObjectHideFlags: 0
  m_PrefabParentObject: {fileID: 0}
  m_PrefabInternal: {fileID: 0}
  m_GameObject: {fileID: 136292549}
  m_Enabled: 1
  m_Density: 1
  m_Material: {fileID: 6200000, guid: 8be6341e1ce3f4cec9902bc34f72d20a, type: 2}
  m_IsTrigger: 0
  m_UsedByEffector: 0
  m_UsedByComposite: 0
  m_Offset: {x: 1.25, y: 0.3125}
  m_SpriteTilingProperty:
    border: {x: 0, y: 0, z: 0, w: 0}
    pivot: {x: 0, y: 0}
    oldSize: {x: 2.5, y: 0.625}
    newSize: {x: 2.5, y: 0.625}
    adaptiveTilingThreshold: 0.5
    drawMode: 0
    adaptiveTiling: 0
  m_AutoTiling: 0
  serializedVersion: 2
  m_Size: {x: 2.5, y: 0.625}
  m_EdgeRadius: 0
--- !u!212 &136292551
SpriteRenderer:
  m_ObjectHideFlags: 0
  m_PrefabParentObject: {fileID: 0}
  m_PrefabInternal: {fileID: 0}
  m_GameObject: {fileID: 136292549}
  m_Enabled: 1
  m_CastShadows: 0
  m_ReceiveShadows: 0
  m_DynamicOccludee: 1
  m_MotionVectors: 1
  m_LightProbeUsage: 1
  m_ReflectionProbeUsage: 1
  m_Materials:
  - {fileID: 10754, guid: 0000000000000000f000000000000000, type: 0}
  m_StaticBatchInfo:
    firstSubMesh: 0
    subMeshCount: 0
  m_StaticBatchRoot: {fileID: 0}
  m_ProbeAnchor: {fileID: 0}
  m_LightProbeVolumeOverride: {fileID: 0}
  m_ScaleInLightmap: 1
  m_PreserveUVs: 0
  m_IgnoreNormalsForChartDetection: 0
  m_ImportantGI: 0
  m_StitchLightmapSeams: 0
  m_SelectedEditorRenderState: 0
  m_MinimumChartSize: 4
  m_AutoUVMaxDistance: 0.5
  m_AutoUVMaxAngle: 89
  m_LightmapParameters: {fileID: 0}
  m_SortingLayerID: 0
  m_SortingLayer: 0
  m_SortingOrder: 0
  m_Sprite: {fileID: 21300000, guid: d90a8faf6fb9540b084ef2825cc3a5dc, type: 3}
  m_Color: {r: 0, g: 0, b: 0, a: 1}
  m_FlipX: 0
  m_FlipY: 0
  m_DrawMode: 0
  m_Size: {x: 2.5, y: 0.625}
  m_AdaptiveModeThreshold: 0.5
  m_SpriteTileMode: 0
  m_WasSpriteAssigned: 1
  m_MaskInteraction: 0
--- !u!4 &136292552
Transform:
  m_ObjectHideFlags: 0
  m_PrefabParentObject: {fileID: 0}
  m_PrefabInternal: {fileID: 0}
  m_GameObject: {fileID: 136292549}
  m_LocalRotation: {x: 0, y: 0, z: 0.7071068, w: 0.7071068}
  m_LocalPosition: {x: 12.2, y: -6.96, z: 0}
  m_LocalScale: {x: 5.3999953, y: 1, z: 1}
  m_Children: []
  m_Father: {fileID: 0}
  m_RootOrder: 4
  m_LocalEulerAnglesHint: {x: 0, y: 0, z: 90}
--- !u!1 &164599735 stripped
GameObject:
  m_PrefabParentObject: {fileID: 1722597859786112, guid: 38fbfdc6af025754f80a6d046ed2276d,
    type: 2}
  m_PrefabInternal: {fileID: 426348872}
--- !u!4 &164599736 stripped
Transform:
  m_PrefabParentObject: {fileID: 4808436710728530, guid: 38fbfdc6af025754f80a6d046ed2276d,
    type: 2}
  m_PrefabInternal: {fileID: 426348872}
--- !u!1 &238505864 stripped
GameObject:
  m_PrefabParentObject: {fileID: 100002, guid: 87a2357765801c34292d6718d8b4d770, type: 2}
  m_PrefabInternal: {fileID: 999803834}
--- !u!114 &238505866
MonoBehaviour:
  m_ObjectHideFlags: 0
  m_PrefabParentObject: {fileID: 0}
  m_PrefabInternal: {fileID: 0}
  m_GameObject: {fileID: 238505864}
  m_Enabled: 1
  m_EditorHideFlags: 0
  m_Script: {fileID: 11500000, guid: c3d7b34a3bb2d4e4b926e7e729d3d410, type: 3}
  m_Name: 
  m_EditorClassIdentifier: 
--- !u!114 &238505872
MonoBehaviour:
  m_ObjectHideFlags: 0
  m_PrefabParentObject: {fileID: 0}
  m_PrefabInternal: {fileID: 0}
  m_GameObject: {fileID: 238505864}
  m_Enabled: 1
  m_EditorHideFlags: 0
  m_Script: {fileID: 11500000, guid: f03a6db210e7abb4b94113b8ffdd1ce5, type: 3}
  m_Name: 
  m_EditorClassIdentifier: 
--- !u!1 &391375807
GameObject:
  m_ObjectHideFlags: 0
  m_PrefabParentObject: {fileID: 0}
  m_PrefabInternal: {fileID: 0}
  serializedVersion: 5
  m_Component:
  - component: {fileID: 391375809}
  - component: {fileID: 391375808}
  - component: {fileID: 391375810}
  - component: {fileID: 391375811}
  m_Layer: 0
  m_Name: PlatformWhiteSprite
  m_TagString: Untagged
  m_Icon: {fileID: 0}
  m_NavMeshLayer: 0
  m_StaticEditorFlags: 0
  m_IsActive: 1
--- !u!212 &391375808
SpriteRenderer:
  m_ObjectHideFlags: 0
  m_PrefabParentObject: {fileID: 0}
  m_PrefabInternal: {fileID: 0}
  m_GameObject: {fileID: 391375807}
  m_Enabled: 1
  m_CastShadows: 0
  m_ReceiveShadows: 0
  m_DynamicOccludee: 1
  m_MotionVectors: 1
  m_LightProbeUsage: 1
  m_ReflectionProbeUsage: 1
  m_Materials:
  - {fileID: 10754, guid: 0000000000000000f000000000000000, type: 0}
  m_StaticBatchInfo:
    firstSubMesh: 0
    subMeshCount: 0
  m_StaticBatchRoot: {fileID: 0}
  m_ProbeAnchor: {fileID: 0}
  m_LightProbeVolumeOverride: {fileID: 0}
  m_ScaleInLightmap: 1
  m_PreserveUVs: 0
  m_IgnoreNormalsForChartDetection: 0
  m_ImportantGI: 0
  m_StitchLightmapSeams: 0
  m_SelectedEditorRenderState: 0
  m_MinimumChartSize: 4
  m_AutoUVMaxDistance: 0.5
  m_AutoUVMaxAngle: 89
  m_LightmapParameters: {fileID: 0}
  m_SortingLayerID: 0
  m_SortingLayer: 0
  m_SortingOrder: 0
  m_Sprite: {fileID: 0}
  m_Color: {r: 0, g: 0, b: 0, a: 1}
  m_FlipX: 0
  m_FlipY: 0
  m_DrawMode: 0
  m_Size: {x: 2.5, y: 0.625}
  m_AdaptiveModeThreshold: 0.5
  m_SpriteTileMode: 0
  m_WasSpriteAssigned: 0
  m_MaskInteraction: 0
--- !u!4 &391375809
Transform:
  m_ObjectHideFlags: 0
  m_PrefabParentObject: {fileID: 0}
  m_PrefabInternal: {fileID: 0}
  m_GameObject: {fileID: 391375807}
  m_LocalRotation: {x: 0, y: 0, z: 0.7071068, w: 0.7071068}
  m_LocalPosition: {x: -8.09, y: -6.68, z: 0}
  m_LocalScale: {x: 5.3999953, y: 1, z: 1}
  m_Children: []
  m_Father: {fileID: 0}
  m_RootOrder: 3
  m_LocalEulerAnglesHint: {x: 0, y: 0, z: 90}
--- !u!61 &391375810
BoxCollider2D:
  m_ObjectHideFlags: 0
  m_PrefabParentObject: {fileID: 0}
  m_PrefabInternal: {fileID: 0}
  m_GameObject: {fileID: 391375807}
  m_Enabled: 1
  m_Density: 1
  m_Material: {fileID: 0}
  m_IsTrigger: 0
  m_UsedByEffector: 0
  m_UsedByComposite: 0
  m_Offset: {x: 1.25, y: 0.3125}
  m_SpriteTilingProperty:
    border: {x: 0, y: 0, z: 0, w: 0}
    pivot: {x: 0, y: 0}
    oldSize: {x: 2.5, y: 0.625}
    newSize: {x: 2.5, y: 0.625}
    adaptiveTilingThreshold: 0.5
    drawMode: 0
    adaptiveTiling: 0
  m_AutoTiling: 0
  serializedVersion: 2
  m_Size: {x: 2.5, y: 0.625}
  m_EdgeRadius: 0
--- !u!95 &391375811
Animator:
  serializedVersion: 3
  m_ObjectHideFlags: 0
  m_PrefabParentObject: {fileID: 0}
  m_PrefabInternal: {fileID: 0}
  m_GameObject: {fileID: 391375807}
  m_Enabled: 1
  m_Avatar: {fileID: 0}
  m_Controller: {fileID: 9100000, guid: 0920eb01caebc4ab694b7390a80c10b9, type: 2}
  m_CullingMode: 0
  m_UpdateMode: 0
  m_ApplyRootMotion: 0
  m_LinearVelocityBlending: 0
  m_WarningMessage: 
  m_HasTransformHierarchy: 1
  m_AllowConstantClipSamplingOptimization: 1
--- !u!1 &400264022 stripped
GameObject:
  m_PrefabParentObject: {fileID: 1722597859786112, guid: 38fbfdc6af025754f80a6d046ed2276d,
    type: 2}
  m_PrefabInternal: {fileID: 869547437}
--- !u!4 &400264023 stripped
Transform:
  m_PrefabParentObject: {fileID: 4808436710728530, guid: 38fbfdc6af025754f80a6d046ed2276d,
    type: 2}
  m_PrefabInternal: {fileID: 869547437}
--- !u!1001 &426348872
Prefab:
  m_ObjectHideFlags: 0
  serializedVersion: 2
  m_Modification:
    m_TransformParent: {fileID: 1701544250}
    m_Modifications:
    - target: {fileID: 4808436710728530, guid: 38fbfdc6af025754f80a6d046ed2276d, type: 2}
      propertyPath: m_LocalPosition.x
      value: 8.99
      objectReference: {fileID: 0}
    - target: {fileID: 4808436710728530, guid: 38fbfdc6af025754f80a6d046ed2276d, type: 2}
      propertyPath: m_LocalPosition.y
      value: 0.85
      objectReference: {fileID: 0}
    - target: {fileID: 4808436710728530, guid: 38fbfdc6af025754f80a6d046ed2276d, type: 2}
      propertyPath: m_LocalPosition.z
      value: 0
      objectReference: {fileID: 0}
    - target: {fileID: 4808436710728530, guid: 38fbfdc6af025754f80a6d046ed2276d, type: 2}
      propertyPath: m_LocalRotation.x
      value: 0.026613072
      objectReference: {fileID: 0}
    - target: {fileID: 4808436710728530, guid: 38fbfdc6af025754f80a6d046ed2276d, type: 2}
      propertyPath: m_LocalRotation.y
      value: -0
      objectReference: {fileID: 0}
    - target: {fileID: 4808436710728530, guid: 38fbfdc6af025754f80a6d046ed2276d, type: 2}
      propertyPath: m_LocalRotation.z
      value: -0
      objectReference: {fileID: 0}
    - target: {fileID: 4808436710728530, guid: 38fbfdc6af025754f80a6d046ed2276d, type: 2}
      propertyPath: m_LocalRotation.w
      value: 0.9996458
      objectReference: {fileID: 0}
    - target: {fileID: 4808436710728530, guid: 38fbfdc6af025754f80a6d046ed2276d, type: 2}
      propertyPath: m_RootOrder
      value: 2
      objectReference: {fileID: 0}
    - target: {fileID: 4808436710728530, guid: 38fbfdc6af025754f80a6d046ed2276d, type: 2}
      propertyPath: m_LocalScale.y
      value: -0.3
      objectReference: {fileID: 0}
    - target: {fileID: 1722597859786112, guid: 38fbfdc6af025754f80a6d046ed2276d, type: 2}
      propertyPath: m_Name
      value: LowerExit
      objectReference: {fileID: 0}
    - target: {fileID: 114686428810795530, guid: 38fbfdc6af025754f80a6d046ed2276d,
        type: 2}
      propertyPath: otherExit
      value: 
      objectReference: {fileID: 400264022}
    m_RemovedComponents: []
  m_ParentPrefab: {fileID: 100100000, guid: 38fbfdc6af025754f80a6d046ed2276d, type: 2}
  m_IsPrefabParent: 0
--- !u!1 &431342455
GameObject:
  m_ObjectHideFlags: 0
  m_PrefabParentObject: {fileID: 0}
  m_PrefabInternal: {fileID: 0}
  serializedVersion: 5
  m_Component:
  - component: {fileID: 431342456}
  - component: {fileID: 431342457}
  - component: {fileID: 431342458}
  m_Layer: 10
  m_Name: caveFloatingPlatform_0
  m_TagString: Untagged
  m_Icon: {fileID: 0}
  m_NavMeshLayer: 0
  m_StaticEditorFlags: 4294967295
  m_IsActive: 1
--- !u!4 &431342456
Transform:
  m_ObjectHideFlags: 0
  m_PrefabParentObject: {fileID: 0}
  m_PrefabInternal: {fileID: 0}
  m_GameObject: {fileID: 431342455}
  m_LocalRotation: {x: -0, y: -0, z: -0, w: 1}
  m_LocalPosition: {x: 0, y: 0, z: 0}
  m_LocalScale: {x: 1, y: 1, z: 1}
  m_Children: []
  m_Father: {fileID: 1675530276}
  m_RootOrder: 0
  m_LocalEulerAnglesHint: {x: 0, y: 0, z: 0}
--- !u!212 &431342457
SpriteRenderer:
  m_ObjectHideFlags: 0
  m_PrefabParentObject: {fileID: 0}
  m_PrefabInternal: {fileID: 0}
  m_GameObject: {fileID: 431342455}
  m_Enabled: 1
  m_CastShadows: 0
  m_ReceiveShadows: 0
  m_DynamicOccludee: 1
  m_MotionVectors: 1
  m_LightProbeUsage: 1
  m_ReflectionProbeUsage: 1
  m_Materials:
  - {fileID: 10754, guid: 0000000000000000f000000000000000, type: 0}
  m_StaticBatchInfo:
    firstSubMesh: 0
    subMeshCount: 0
  m_StaticBatchRoot: {fileID: 0}
  m_ProbeAnchor: {fileID: 0}
  m_LightProbeVolumeOverride: {fileID: 0}
  m_ScaleInLightmap: 1
  m_PreserveUVs: 0
  m_IgnoreNormalsForChartDetection: 0
  m_ImportantGI: 0
  m_StitchLightmapSeams: 0
  m_SelectedEditorRenderState: 0
  m_MinimumChartSize: 4
  m_AutoUVMaxDistance: 0.5
  m_AutoUVMaxAngle: 89
  m_LightmapParameters: {fileID: 0}
  m_SortingLayerID: 377172545
  m_SortingLayer: 2
  m_SortingOrder: 0
  m_Sprite: {fileID: 21300000, guid: 51736fbddf4e188448917d8002d2b675, type: 3}
  m_Color: {r: 1, g: 1, b: 1, a: 1}
  m_FlipX: 0
  m_FlipY: 0
  m_DrawMode: 0
  m_Size: {x: 0.96, y: 0.48}
  m_AdaptiveModeThreshold: 0.5
  m_SpriteTileMode: 0
  m_WasSpriteAssigned: 1
  m_MaskInteraction: 0
--- !u!60 &431342458
PolygonCollider2D:
  m_ObjectHideFlags: 0
  m_PrefabParentObject: {fileID: 0}
  m_PrefabInternal: {fileID: 0}
  m_GameObject: {fileID: 431342455}
  m_Enabled: 1
  m_Density: 1
  m_Material: {fileID: 0}
  m_IsTrigger: 0
  m_UsedByEffector: 0
  m_UsedByComposite: 0
  m_Offset: {x: 0, y: 0}
  m_SpriteTilingProperty:
    border: {x: 0, y: 0, z: 0, w: 0}
    pivot: {x: 0.5, y: 0.5}
    oldSize: {x: 0.96, y: 0.48}
    newSize: {x: 0.96, y: 0.48}
    adaptiveTilingThreshold: 0.5
    drawMode: 0
    adaptiveTiling: 0
  m_AutoTiling: 0
  m_Points:
    m_Paths:
    - - {x: -0.27085698, y: 0.2254971}
      - {x: -0.48, y: 0.24}
      - {x: -0.48, y: 0.049999997}
      - {x: -0.22999999, y: -0.21}
      - {x: -0.19, y: -0.24}
      - {x: 0.48, y: -0.24}
      - {x: 0.48483443, y: 0.05682288}
      - {x: -0.021657228, y: 0.13298294}
--- !u!1 &451628089
GameObject:
  m_ObjectHideFlags: 0
  m_PrefabParentObject: {fileID: 0}
  m_PrefabInternal: {fileID: 0}
  serializedVersion: 5
  m_Component:
  - component: {fileID: 451628090}
  - component: {fileID: 451628091}
  m_Layer: 0
  m_Name: Upper
  m_TagString: Untagged
  m_Icon: {fileID: 0}
  m_NavMeshLayer: 0
  m_StaticEditorFlags: 0
  m_IsActive: 1
--- !u!4 &451628090
Transform:
  m_ObjectHideFlags: 0
  m_PrefabParentObject: {fileID: 0}
  m_PrefabInternal: {fileID: 0}
  m_GameObject: {fileID: 451628089}
  m_LocalRotation: {x: -0, y: -0, z: -0, w: 1}
  m_LocalPosition: {x: -0, y: 0, z: 0}
  m_LocalScale: {x: 1, y: 1, z: 1}
  m_Children:
  - {fileID: 1034209500}
  - {fileID: 740599992}
  - {fileID: 400264023}
  - {fileID: 720682873}
  - {fileID: 1366261537}
  m_Father: {fileID: 1744712883}
  m_RootOrder: 0
  m_LocalEulerAnglesHint: {x: 0, y: 0, z: 0}
--- !u!114 &451628091
MonoBehaviour:
  m_ObjectHideFlags: 0
  m_PrefabParentObject: {fileID: 0}
  m_PrefabInternal: {fileID: 0}
  m_GameObject: {fileID: 451628089}
  m_Enabled: 1
  m_EditorHideFlags: 0
  m_Script: {fileID: 11500000, guid: 74fbb33f033684e4ea1b17ff3ab3d693, type: 3}
  m_Name: 
  m_EditorClassIdentifier: 
  isUpper: 1
--- !u!1 &461264304
GameObject:
  m_ObjectHideFlags: 0
  m_PrefabParentObject: {fileID: 0}
  m_PrefabInternal: {fileID: 0}
  serializedVersion: 5
  m_Component:
  - component: {fileID: 461264305}
  - component: {fileID: 461264306}
  - component: {fileID: 461264307}
  m_Layer: 10
  m_Name: caveFloatingPlatform_1 (2)
  m_TagString: Untagged
  m_Icon: {fileID: 0}
  m_NavMeshLayer: 0
  m_StaticEditorFlags: 4294967295
  m_IsActive: 1
--- !u!4 &461264305
Transform:
  m_ObjectHideFlags: 0
  m_PrefabParentObject: {fileID: 0}
  m_PrefabInternal: {fileID: 0}
  m_GameObject: {fileID: 461264304}
  m_LocalRotation: {x: -0, y: -0, z: -0, w: 1}
  m_LocalPosition: {x: 2.01, y: -0.095, z: 0}
  m_LocalScale: {x: 1, y: 1, z: 1}
  m_Children: []
  m_Father: {fileID: 1675530276}
  m_RootOrder: 3
  m_LocalEulerAnglesHint: {x: 0, y: 0, z: 0}
--- !u!212 &461264306
SpriteRenderer:
  m_ObjectHideFlags: 0
  m_PrefabParentObject: {fileID: 0}
  m_PrefabInternal: {fileID: 0}
  m_GameObject: {fileID: 461264304}
  m_Enabled: 1
  m_CastShadows: 0
  m_ReceiveShadows: 0
  m_DynamicOccludee: 1
  m_MotionVectors: 1
  m_LightProbeUsage: 1
  m_ReflectionProbeUsage: 1
  m_Materials:
  - {fileID: 10754, guid: 0000000000000000f000000000000000, type: 0}
  m_StaticBatchInfo:
    firstSubMesh: 0
    subMeshCount: 0
  m_StaticBatchRoot: {fileID: 0}
  m_ProbeAnchor: {fileID: 0}
  m_LightProbeVolumeOverride: {fileID: 0}
  m_ScaleInLightmap: 1
  m_PreserveUVs: 0
  m_IgnoreNormalsForChartDetection: 0
  m_ImportantGI: 0
  m_StitchLightmapSeams: 0
  m_SelectedEditorRenderState: 0
  m_MinimumChartSize: 4
  m_AutoUVMaxDistance: 0.5
  m_AutoUVMaxAngle: 89
  m_LightmapParameters: {fileID: 0}
  m_SortingLayerID: 377172545
  m_SortingLayer: 2
  m_SortingOrder: 0
  m_Sprite: {fileID: 21300002, guid: 51736fbddf4e188448917d8002d2b675, type: 3}
  m_Color: {r: 1, g: 1, b: 1, a: 1}
  m_FlipX: 0
  m_FlipY: 0
  m_DrawMode: 0
  m_Size: {x: 0.64, y: 0.29}
  m_AdaptiveModeThreshold: 0.5
  m_SpriteTileMode: 0
  m_WasSpriteAssigned: 1
  m_MaskInteraction: 0
--- !u!61 &461264307
BoxCollider2D:
  m_ObjectHideFlags: 0
  m_PrefabParentObject: {fileID: 0}
  m_PrefabInternal: {fileID: 0}
  m_GameObject: {fileID: 461264304}
  m_Enabled: 1
  m_Density: 1
  m_Material: {fileID: 0}
  m_IsTrigger: 0
  m_UsedByEffector: 0
  m_UsedByComposite: 0
  m_Offset: {x: 0, y: 0}
  m_SpriteTilingProperty:
    border: {x: 0, y: 0, z: 0, w: 0}
    pivot: {x: 0.5, y: 0.5}
    oldSize: {x: 0.64, y: 0.29}
    newSize: {x: 0.64, y: 0.29}
    adaptiveTilingThreshold: 0.5
    drawMode: 0
    adaptiveTiling: 0
  m_AutoTiling: 0
  serializedVersion: 2
  m_Size: {x: 0.64, y: 0.29}
  m_EdgeRadius: 0
--- !u!95 &470699554 stripped
Animator:
  m_PrefabParentObject: {fileID: 95011469160607972, guid: e288889ed1ac74f0baf59f47d5d4d32b,
    type: 2}
  m_PrefabInternal: {fileID: 810273869}
--- !u!4 &470699557 stripped
Transform:
  m_PrefabParentObject: {fileID: 4362188136357798, guid: e288889ed1ac74f0baf59f47d5d4d32b,
    type: 2}
  m_PrefabInternal: {fileID: 810273869}
--- !u!4 &720682873 stripped
Transform:
  m_PrefabParentObject: {fileID: 4362188136357798, guid: e288889ed1ac74f0baf59f47d5d4d32b,
    type: 2}
  m_PrefabInternal: {fileID: 1469423746}
--- !u!95 &720682875 stripped
Animator:
  m_PrefabParentObject: {fileID: 95011469160607972, guid: e288889ed1ac74f0baf59f47d5d4d32b,
    type: 2}
  m_PrefabInternal: {fileID: 1469423746}
--- !u!4 &733827727 stripped
Transform:
  m_PrefabParentObject: {fileID: 4165961542524890, guid: 853c7b61bd9e41742ab9fc8d8c604caf,
    type: 2}
  m_PrefabInternal: {fileID: 1629658080}
--- !u!4 &740599992 stripped
Transform:
  m_PrefabParentObject: {fileID: 400002, guid: 87a2357765801c34292d6718d8b4d770, type: 2}
  m_PrefabInternal: {fileID: 999803834}
--- !u!1001 &810273869
Prefab:
  m_ObjectHideFlags: 0
  serializedVersion: 2
  m_Modification:
    m_TransformParent: {fileID: 1701544250}
    m_Modifications:
    - target: {fileID: 4362188136357798, guid: e288889ed1ac74f0baf59f47d5d4d32b, type: 2}
      propertyPath: m_LocalPosition.x
      value: 3.96
      objectReference: {fileID: 0}
    - target: {fileID: 4362188136357798, guid: e288889ed1ac74f0baf59f47d5d4d32b, type: 2}
      propertyPath: m_LocalPosition.y
      value: -2.74
      objectReference: {fileID: 0}
    - target: {fileID: 4362188136357798, guid: e288889ed1ac74f0baf59f47d5d4d32b, type: 2}
      propertyPath: m_LocalPosition.z
      value: -0
      objectReference: {fileID: 0}
    - target: {fileID: 4362188136357798, guid: e288889ed1ac74f0baf59f47d5d4d32b, type: 2}
      propertyPath: m_LocalRotation.x
      value: 0
      objectReference: {fileID: 0}
    - target: {fileID: 4362188136357798, guid: e288889ed1ac74f0baf59f47d5d4d32b, type: 2}
      propertyPath: m_LocalRotation.y
      value: 0
      objectReference: {fileID: 0}
    - target: {fileID: 4362188136357798, guid: e288889ed1ac74f0baf59f47d5d4d32b, type: 2}
      propertyPath: m_LocalRotation.z
      value: 0
      objectReference: {fileID: 0}
    - target: {fileID: 4362188136357798, guid: e288889ed1ac74f0baf59f47d5d4d32b, type: 2}
      propertyPath: m_LocalRotation.w
      value: 1
      objectReference: {fileID: 0}
    - target: {fileID: 4362188136357798, guid: e288889ed1ac74f0baf59f47d5d4d32b, type: 2}
      propertyPath: m_RootOrder
      value: 3
      objectReference: {fileID: 0}
    - target: {fileID: 4362188136357798, guid: e288889ed1ac74f0baf59f47d5d4d32b, type: 2}
      propertyPath: m_LocalScale.y
      value: 0.7298663
      objectReference: {fileID: 0}
    - target: {fileID: 95011469160607972, guid: e288889ed1ac74f0baf59f47d5d4d32b,
        type: 2}
      propertyPath: m_Controller
      value: 
      objectReference: {fileID: 9100000, guid: 8e859626007cb4680b0fec3d521db5fb, type: 2}
    - target: {fileID: 61700625068602738, guid: e288889ed1ac74f0baf59f47d5d4d32b,
        type: 2}
      propertyPath: m_SpriteTilingProperty.oldSize.x
      value: 1.28
      objectReference: {fileID: 0}
    - target: {fileID: 61700625068602738, guid: e288889ed1ac74f0baf59f47d5d4d32b,
        type: 2}
      propertyPath: m_SpriteTilingProperty.oldSize.y
      value: 5.12
      objectReference: {fileID: 0}
    - target: {fileID: 212204174241998866, guid: e288889ed1ac74f0baf59f47d5d4d32b,
        type: 2}
      propertyPath: m_Color.r
      value: 0.33823532
      objectReference: {fileID: 0}
    - target: {fileID: 212204174241998866, guid: e288889ed1ac74f0baf59f47d5d4d32b,
        type: 2}
      propertyPath: m_Color.b
      value: 0.33823532
      objectReference: {fileID: 0}
    - target: {fileID: 212204174241998866, guid: e288889ed1ac74f0baf59f47d5d4d32b,
        type: 2}
      propertyPath: m_Color.g
      value: 0.33823532
      objectReference: {fileID: 0}
    - target: {fileID: 212204174241998866, guid: e288889ed1ac74f0baf59f47d5d4d32b,
        type: 2}
      propertyPath: m_Color.a
      value: 0.684
      objectReference: {fileID: 0}
    - target: {fileID: 212204174241998866, guid: e288889ed1ac74f0baf59f47d5d4d32b,
        type: 2}
      propertyPath: m_SortingOrder
      value: 1
      objectReference: {fileID: 0}
    - target: {fileID: 212204174241998866, guid: e288889ed1ac74f0baf59f47d5d4d32b,
        type: 2}
      propertyPath: m_SortingLayerID
      value: -1416355343
      objectReference: {fileID: 0}
    - target: {fileID: 212204174241998866, guid: e288889ed1ac74f0baf59f47d5d4d32b,
        type: 2}
      propertyPath: m_SortingLayer
      value: 1
      objectReference: {fileID: 0}
    m_RemovedComponents:
    - {fileID: 114070620060294196, guid: e288889ed1ac74f0baf59f47d5d4d32b, type: 2}
  m_ParentPrefab: {fileID: 100100000, guid: e288889ed1ac74f0baf59f47d5d4d32b, type: 2}
  m_IsPrefabParent: 0
--- !u!1 &810273870 stripped
GameObject:
  m_PrefabParentObject: {fileID: 1716757764901854, guid: e288889ed1ac74f0baf59f47d5d4d32b,
    type: 2}
  m_PrefabInternal: {fileID: 810273869}
--- !u!114 &810273871
MonoBehaviour:
  m_ObjectHideFlags: 0
  m_PrefabParentObject: {fileID: 0}
  m_PrefabInternal: {fileID: 0}
  m_GameObject: {fileID: 810273870}
  m_Enabled: 1
  m_EditorHideFlags: 0
  m_Script: {fileID: 11500000, guid: fef5787242336d24b8474770a471ea71, type: 3}
  m_Name: 
  m_EditorClassIdentifier: 
--- !u!1001 &869547437
Prefab:
  m_ObjectHideFlags: 0
  serializedVersion: 2
  m_Modification:
    m_TransformParent: {fileID: 451628090}
    m_Modifications:
    - target: {fileID: 4808436710728530, guid: 38fbfdc6af025754f80a6d046ed2276d, type: 2}
      propertyPath: m_LocalPosition.x
      value: 8.99
      objectReference: {fileID: 0}
    - target: {fileID: 4808436710728530, guid: 38fbfdc6af025754f80a6d046ed2276d, type: 2}
      propertyPath: m_LocalPosition.y
      value: -1.01
      objectReference: {fileID: 0}
    - target: {fileID: 4808436710728530, guid: 38fbfdc6af025754f80a6d046ed2276d, type: 2}
      propertyPath: m_LocalPosition.z
      value: 0
      objectReference: {fileID: 0}
    - target: {fileID: 4808436710728530, guid: 38fbfdc6af025754f80a6d046ed2276d, type: 2}
      propertyPath: m_LocalRotation.x
      value: 0.026613072
      objectReference: {fileID: 0}
    - target: {fileID: 4808436710728530, guid: 38fbfdc6af025754f80a6d046ed2276d, type: 2}
      propertyPath: m_LocalRotation.y
      value: -0
      objectReference: {fileID: 0}
    - target: {fileID: 4808436710728530, guid: 38fbfdc6af025754f80a6d046ed2276d, type: 2}
      propertyPath: m_LocalRotation.z
      value: -0
      objectReference: {fileID: 0}
    - target: {fileID: 4808436710728530, guid: 38fbfdc6af025754f80a6d046ed2276d, type: 2}
      propertyPath: m_LocalRotation.w
      value: 0.9996458
      objectReference: {fileID: 0}
    - target: {fileID: 4808436710728530, guid: 38fbfdc6af025754f80a6d046ed2276d, type: 2}
      propertyPath: m_RootOrder
      value: 2
      objectReference: {fileID: 0}
    - target: {fileID: 1722597859786112, guid: 38fbfdc6af025754f80a6d046ed2276d, type: 2}
      propertyPath: m_Name
      value: UpperExit
      objectReference: {fileID: 0}
    - target: {fileID: 114686428810795530, guid: 38fbfdc6af025754f80a6d046ed2276d,
        type: 2}
      propertyPath: otherExit
      value: 
      objectReference: {fileID: 164599735}
    - target: {fileID: 114848129703705164, guid: 38fbfdc6af025754f80a6d046ed2276d,
        type: 2}
      propertyPath: m_Enabled
      value: 0
      objectReference: {fileID: 0}
    m_RemovedComponents:
    - {fileID: 114455730868254756, guid: 38fbfdc6af025754f80a6d046ed2276d, type: 2}
    - {fileID: 114848129703705164, guid: 38fbfdc6af025754f80a6d046ed2276d, type: 2}
  m_ParentPrefab: {fileID: 100100000, guid: 38fbfdc6af025754f80a6d046ed2276d, type: 2}
  m_IsPrefabParent: 0
--- !u!1 &897725394 stripped
GameObject:
  m_PrefabParentObject: {fileID: 100002, guid: 87a2357765801c34292d6718d8b4d770, type: 2}
  m_PrefabInternal: {fileID: 1197846940}
--- !u!114 &897725396
MonoBehaviour:
  m_ObjectHideFlags: 0
  m_PrefabParentObject: {fileID: 0}
  m_PrefabInternal: {fileID: 0}
  m_GameObject: {fileID: 897725394}
  m_Enabled: 0
  m_EditorHideFlags: 0
  m_Script: {fileID: 11500000, guid: c3d7b34a3bb2d4e4b926e7e729d3d410, type: 3}
  m_Name: 
  m_EditorClassIdentifier: 
--- !u!1001 &999803834
Prefab:
  m_ObjectHideFlags: 0
  serializedVersion: 2
  m_Modification:
    m_TransformParent: {fileID: 451628090}
    m_Modifications:
    - target: {fileID: 400002, guid: 87a2357765801c34292d6718d8b4d770, type: 2}
      propertyPath: m_LocalPosition.x
      value: -6.44
      objectReference: {fileID: 0}
    - target: {fileID: 400002, guid: 87a2357765801c34292d6718d8b4d770, type: 2}
      propertyPath: m_LocalPosition.y
      value: 1.37
      objectReference: {fileID: 0}
    - target: {fileID: 400002, guid: 87a2357765801c34292d6718d8b4d770, type: 2}
      propertyPath: m_LocalPosition.z
      value: -0.06
      objectReference: {fileID: 0}
    - target: {fileID: 400002, guid: 87a2357765801c34292d6718d8b4d770, type: 2}
      propertyPath: m_LocalRotation.x
      value: -0
      objectReference: {fileID: 0}
    - target: {fileID: 400002, guid: 87a2357765801c34292d6718d8b4d770, type: 2}
      propertyPath: m_LocalRotation.y
      value: -0
      objectReference: {fileID: 0}
    - target: {fileID: 400002, guid: 87a2357765801c34292d6718d8b4d770, type: 2}
      propertyPath: m_LocalRotation.z
      value: -0
      objectReference: {fileID: 0}
    - target: {fileID: 400002, guid: 87a2357765801c34292d6718d8b4d770, type: 2}
      propertyPath: m_LocalRotation.w
      value: 1
      objectReference: {fileID: 0}
    - target: {fileID: 400002, guid: 87a2357765801c34292d6718d8b4d770, type: 2}
      propertyPath: m_RootOrder
      value: 1
      objectReference: {fileID: 0}
    - target: {fileID: 100002, guid: 87a2357765801c34292d6718d8b4d770, type: 2}
      propertyPath: m_Name
      value: Robot1
      objectReference: {fileID: 0}
    - target: {fileID: 100002, guid: 87a2357765801c34292d6718d8b4d770, type: 2}
      propertyPath: m_IsActive
      value: 1
      objectReference: {fileID: 0}
    - target: {fileID: 100004, guid: 87a2357765801c34292d6718d8b4d770, type: 2}
      propertyPath: m_Layer
      value: 8
      objectReference: {fileID: 0}
    - target: {fileID: 100002, guid: 87a2357765801c34292d6718d8b4d770, type: 2}
      propertyPath: m_Layer
      value: 8
      objectReference: {fileID: 0}
    - target: {fileID: 100000, guid: 87a2357765801c34292d6718d8b4d770, type: 2}
      propertyPath: m_Layer
      value: 8
      objectReference: {fileID: 0}
    - target: {fileID: 21200000, guid: 87a2357765801c34292d6718d8b4d770, type: 2}
      propertyPath: m_SortingLayerID
      value: -1649094601
      objectReference: {fileID: 0}
    - target: {fileID: 21200000, guid: 87a2357765801c34292d6718d8b4d770, type: 2}
      propertyPath: m_SortingLayer
      value: 4
      objectReference: {fileID: 0}
    - target: {fileID: 11400002, guid: 87a2357765801c34292d6718d8b4d770, type: 2}
      propertyPath: m_JumpForce
      value: 300
      objectReference: {fileID: 0}
    - target: {fileID: 5000000, guid: 87a2357765801c34292d6718d8b4d770, type: 2}
      propertyPath: m_GravityScale
      value: 10
      objectReference: {fileID: 0}
    - target: {fileID: 11400002, guid: 87a2357765801c34292d6718d8b4d770, type: 2}
      propertyPath: m_MaxSpeed
      value: 5
      objectReference: {fileID: 0}
    m_RemovedComponents:
    - {fileID: 11400000, guid: 87a2357765801c34292d6718d8b4d770, type: 2}
    - {fileID: 114129502882141552, guid: 87a2357765801c34292d6718d8b4d770, type: 2}
  m_ParentPrefab: {fileID: 100100000, guid: 87a2357765801c34292d6718d8b4d770, type: 2}
  m_IsPrefabParent: 0
--- !u!1 &1034209497
GameObject:
  m_ObjectHideFlags: 0
  m_PrefabParentObject: {fileID: 0}
  m_PrefabInternal: {fileID: 0}
  serializedVersion: 5
  m_Component:
  - component: {fileID: 1034209500}
  - component: {fileID: 1034209499}
  - component: {fileID: 1034209498}
  - component: {fileID: 1034209501}
  m_Layer: 0
  m_Name: Crate1
  m_TagString: Item
  m_Icon: {fileID: 0}
  m_NavMeshLayer: 0
  m_StaticEditorFlags: 0
  m_IsActive: 1
--- !u!50 &1034209498
Rigidbody2D:
  serializedVersion: 4
  m_ObjectHideFlags: 0
  m_PrefabParentObject: {fileID: 0}
  m_PrefabInternal: {fileID: 0}
  m_GameObject: {fileID: 1034209497}
  m_BodyType: 0
  m_Simulated: 1
  m_UseFullKinematicContacts: 0
  m_UseAutoMass: 0
  m_Mass: 1
  m_LinearDrag: 0
  m_AngularDrag: 0.05
  m_GravityScale: 1
  m_Material: {fileID: 0}
  m_Interpolate: 0
  m_SleepingMode: 1
  m_CollisionDetection: 0
  m_Constraints: 0
--- !u!212 &1034209499
SpriteRenderer:
  m_ObjectHideFlags: 0
  m_PrefabParentObject: {fileID: 0}
  m_PrefabInternal: {fileID: 0}
  m_GameObject: {fileID: 1034209497}
  m_Enabled: 1
  m_CastShadows: 0
  m_ReceiveShadows: 0
  m_DynamicOccludee: 1
  m_MotionVectors: 1
  m_LightProbeUsage: 1
  m_ReflectionProbeUsage: 1
  m_Materials:
  - {fileID: 10754, guid: 0000000000000000f000000000000000, type: 0}
  m_StaticBatchInfo:
    firstSubMesh: 0
    subMeshCount: 0
  m_StaticBatchRoot: {fileID: 0}
  m_ProbeAnchor: {fileID: 0}
  m_LightProbeVolumeOverride: {fileID: 0}
  m_ScaleInLightmap: 1
  m_PreserveUVs: 0
  m_IgnoreNormalsForChartDetection: 0
  m_ImportantGI: 0
  m_StitchLightmapSeams: 0
  m_SelectedEditorRenderState: 0
  m_MinimumChartSize: 4
  m_AutoUVMaxDistance: 0.5
  m_AutoUVMaxAngle: 89
  m_LightmapParameters: {fileID: 0}
  m_SortingLayerID: -1385276929
  m_SortingLayer: 3
  m_SortingOrder: 0
  m_Sprite: {fileID: 21300000, guid: 1f7124cb958251f44a4e34e02fc4133e, type: 3}
  m_Color: {r: 1, g: 1, b: 1, a: 1}
  m_FlipX: 0
  m_FlipY: 0
  m_DrawMode: 0
  m_Size: {x: 5.12, y: 5.12}
  m_AdaptiveModeThreshold: 0.5
  m_SpriteTileMode: 0
  m_WasSpriteAssigned: 1
  m_MaskInteraction: 0
--- !u!4 &1034209500
Transform:
  m_ObjectHideFlags: 0
  m_PrefabParentObject: {fileID: 0}
  m_PrefabInternal: {fileID: 0}
  m_GameObject: {fileID: 1034209497}
  m_LocalRotation: {x: -0, y: -0, z: -0, w: 1}
  m_LocalPosition: {x: -0.75, y: 2.88, z: 0}
  m_LocalScale: {x: 0.2, y: 0.2, z: 0.2}
  m_Children: []
  m_Father: {fileID: 451628090}
  m_RootOrder: 0
  m_LocalEulerAnglesHint: {x: 0, y: 0, z: 0}
--- !u!61 &1034209501
BoxCollider2D:
  m_ObjectHideFlags: 0
  m_PrefabParentObject: {fileID: 0}
  m_PrefabInternal: {fileID: 0}
  m_GameObject: {fileID: 1034209497}
  m_Enabled: 1
  m_Density: 1
  m_Material: {fileID: 0}
  m_IsTrigger: 0
  m_UsedByEffector: 0
  m_UsedByComposite: 0
  m_Offset: {x: 0, y: 0}
  m_SpriteTilingProperty:
    border: {x: 0, y: 0, z: 0, w: 0}
    pivot: {x: 0.5, y: 0.5}
    oldSize: {x: 5.12, y: 5.12}
    newSize: {x: 5.12, y: 5.12}
    adaptiveTilingThreshold: 0.5
    drawMode: 0
    adaptiveTiling: 0
  m_AutoTiling: 0
  serializedVersion: 2
  m_Size: {x: 5.12, y: 5.12}
  m_EdgeRadius: 0
--- !u!1001 &1197846940
Prefab:
  m_ObjectHideFlags: 0
  serializedVersion: 2
  m_Modification:
    m_TransformParent: {fileID: 1701544250}
    m_Modifications:
    - target: {fileID: 400002, guid: 87a2357765801c34292d6718d8b4d770, type: 2}
      propertyPath: m_LocalPosition.x
      value: -0.8
      objectReference: {fileID: 0}
    - target: {fileID: 400002, guid: 87a2357765801c34292d6718d8b4d770, type: 2}
      propertyPath: m_LocalPosition.y
      value: -2.99
      objectReference: {fileID: 0}
    - target: {fileID: 400002, guid: 87a2357765801c34292d6718d8b4d770, type: 2}
      propertyPath: m_LocalPosition.z
      value: 0
      objectReference: {fileID: 0}
    - target: {fileID: 400002, guid: 87a2357765801c34292d6718d8b4d770, type: 2}
      propertyPath: m_LocalRotation.x
      value: 0
      objectReference: {fileID: 0}
    - target: {fileID: 400002, guid: 87a2357765801c34292d6718d8b4d770, type: 2}
      propertyPath: m_LocalRotation.y
      value: 0
      objectReference: {fileID: 0}
    - target: {fileID: 400002, guid: 87a2357765801c34292d6718d8b4d770, type: 2}
      propertyPath: m_LocalRotation.z
      value: 1
      objectReference: {fileID: 0}
    - target: {fileID: 400002, guid: 87a2357765801c34292d6718d8b4d770, type: 2}
      propertyPath: m_LocalRotation.w
      value: 0
      objectReference: {fileID: 0}
    - target: {fileID: 400002, guid: 87a2357765801c34292d6718d8b4d770, type: 2}
      propertyPath: m_RootOrder
      value: 1
      objectReference: {fileID: 0}
    - target: {fileID: 100002, guid: 87a2357765801c34292d6718d8b4d770, type: 2}
      propertyPath: m_Name
      value: Robot2
      objectReference: {fileID: 0}
    - target: {fileID: 400002, guid: 87a2357765801c34292d6718d8b4d770, type: 2}
      propertyPath: m_LocalEulerAnglesHint.z
      value: 180
      objectReference: {fileID: 0}
    - target: {fileID: 100002, guid: 87a2357765801c34292d6718d8b4d770, type: 2}
      propertyPath: m_IsActive
      value: 1
      objectReference: {fileID: 0}
    - target: {fileID: 21200000, guid: 87a2357765801c34292d6718d8b4d770, type: 2}
      propertyPath: m_SortingLayerID
      value: -1649094601
      objectReference: {fileID: 0}
    - target: {fileID: 21200000, guid: 87a2357765801c34292d6718d8b4d770, type: 2}
      propertyPath: m_SortingLayer
      value: 4
      objectReference: {fileID: 0}
    - target: {fileID: 21200000, guid: 87a2357765801c34292d6718d8b4d770, type: 2}
      propertyPath: m_FlipX
      value: 1
      objectReference: {fileID: 0}
    - target: {fileID: 11400002, guid: 87a2357765801c34292d6718d8b4d770, type: 2}
      propertyPath: m_JumpForce
      value: 300
      objectReference: {fileID: 0}
    - target: {fileID: 5000000, guid: 87a2357765801c34292d6718d8b4d770, type: 2}
      propertyPath: m_GravityScale
      value: 10
      objectReference: {fileID: 0}
    - target: {fileID: 11400002, guid: 87a2357765801c34292d6718d8b4d770, type: 2}
      propertyPath: m_MaxSpeed
      value: 5
      objectReference: {fileID: 0}
    - target: {fileID: 100002, guid: 87a2357765801c34292d6718d8b4d770, type: 2}
      propertyPath: m_Layer
      value: 8
      objectReference: {fileID: 0}
    - target: {fileID: 100000, guid: 87a2357765801c34292d6718d8b4d770, type: 2}
      propertyPath: m_Layer
      value: 8
      objectReference: {fileID: 0}
    - target: {fileID: 100004, guid: 87a2357765801c34292d6718d8b4d770, type: 2}
      propertyPath: m_Layer
      value: 8
      objectReference: {fileID: 0}
    m_RemovedComponents:
    - {fileID: 11400000, guid: 87a2357765801c34292d6718d8b4d770, type: 2}
  m_ParentPrefab: {fileID: 100100000, guid: 87a2357765801c34292d6718d8b4d770, type: 2}
  m_IsPrefabParent: 0
--- !u!4 &1366261537 stripped
Transform:
  m_PrefabParentObject: {fileID: 4165961542524890, guid: 853c7b61bd9e41742ab9fc8d8c604caf,
    type: 2}
  m_PrefabInternal: {fileID: 1368398784}
--- !u!1001 &1368398784
Prefab:
  m_ObjectHideFlags: 0
  serializedVersion: 2
  m_Modification:
    m_TransformParent: {fileID: 451628090}
    m_Modifications:
    - target: {fileID: 114907717457739826, guid: 853c7b61bd9e41742ab9fc8d8c604caf,
        type: 2}
      propertyPath: buttonOnEvent.m_PersistentCalls.m_Calls.Array.size
      value: 1
      objectReference: {fileID: 0}
    - target: {fileID: 114907717457739826, guid: 853c7b61bd9e41742ab9fc8d8c604caf,
        type: 2}
      propertyPath: buttonOffEvent.m_PersistentCalls.m_Calls.Array.size
      value: 1
      objectReference: {fileID: 0}
    - target: {fileID: 4165961542524890, guid: 853c7b61bd9e41742ab9fc8d8c604caf, type: 2}
      propertyPath: m_LocalPosition.x
      value: -2.5509617
      objectReference: {fileID: 0}
    - target: {fileID: 4165961542524890, guid: 853c7b61bd9e41742ab9fc8d8c604caf, type: 2}
      propertyPath: m_LocalPosition.y
      value: 0.57541263
      objectReference: {fileID: 0}
    - target: {fileID: 4165961542524890, guid: 853c7b61bd9e41742ab9fc8d8c604caf, type: 2}
      propertyPath: m_LocalPosition.z
      value: 0.030055372
      objectReference: {fileID: 0}
    - target: {fileID: 4165961542524890, guid: 853c7b61bd9e41742ab9fc8d8c604caf, type: 2}
      propertyPath: m_LocalRotation.x
      value: 0.026089692
      objectReference: {fileID: 0}
    - target: {fileID: 4165961542524890, guid: 853c7b61bd9e41742ab9fc8d8c604caf, type: 2}
      propertyPath: m_LocalRotation.y
      value: -0
      objectReference: {fileID: 0}
    - target: {fileID: 4165961542524890, guid: 853c7b61bd9e41742ab9fc8d8c604caf, type: 2}
      propertyPath: m_LocalRotation.z
      value: -0
      objectReference: {fileID: 0}
    - target: {fileID: 4165961542524890, guid: 853c7b61bd9e41742ab9fc8d8c604caf, type: 2}
      propertyPath: m_LocalRotation.w
      value: 0.9996596
      objectReference: {fileID: 0}
    - target: {fileID: 4165961542524890, guid: 853c7b61bd9e41742ab9fc8d8c604caf, type: 2}
      propertyPath: m_RootOrder
      value: 4
      objectReference: {fileID: 0}
    - target: {fileID: 4165961542524890, guid: 853c7b61bd9e41742ab9fc8d8c604caf, type: 2}
      propertyPath: m_LocalScale.y
      value: 1
      objectReference: {fileID: 0}
    - target: {fileID: 4165961542524890, guid: 853c7b61bd9e41742ab9fc8d8c604caf, type: 2}
      propertyPath: m_LocalScale.z
      value: 1
      objectReference: {fileID: 0}
    - target: {fileID: 114907717457739826, guid: 853c7b61bd9e41742ab9fc8d8c604caf,
        type: 2}
      propertyPath: gateAnim
      value: 
      objectReference: {fileID: 470699554}
    - target: {fileID: 1901532115481766, guid: 853c7b61bd9e41742ab9fc8d8c604caf, type: 2}
      propertyPath: m_Name
      value: ButtonUpper
      objectReference: {fileID: 0}
    - target: {fileID: 114907717457739826, guid: 853c7b61bd9e41742ab9fc8d8c604caf,
        type: 2}
      propertyPath: gate
      value: 
      objectReference: {fileID: 810273870}
    - target: {fileID: 114907717457739826, guid: 853c7b61bd9e41742ab9fc8d8c604caf,
        type: 2}
      propertyPath: buttonOnEvent.m_PersistentCalls.m_Calls.Array.data[0].m_Mode
      value: 1
      objectReference: {fileID: 0}
    - target: {fileID: 114907717457739826, guid: 853c7b61bd9e41742ab9fc8d8c604caf,
        type: 2}
      propertyPath: buttonOnEvent.m_PersistentCalls.m_Calls.Array.data[0].m_CallState
      value: 2
      objectReference: {fileID: 0}
    - target: {fileID: 114907717457739826, guid: 853c7b61bd9e41742ab9fc8d8c604caf,
        type: 2}
      propertyPath: buttonOnEvent.m_PersistentCalls.m_Calls.Array.data[0].m_Target
      value: 
      objectReference: {fileID: 810273871}
    - target: {fileID: 114907717457739826, guid: 853c7b61bd9e41742ab9fc8d8c604caf,
        type: 2}
      propertyPath: buttonOnEvent.m_PersistentCalls.m_Calls.Array.data[0].m_MethodName
      value: DoorOpen
      objectReference: {fileID: 0}
    - target: {fileID: 114907717457739826, guid: 853c7b61bd9e41742ab9fc8d8c604caf,
        type: 2}
      propertyPath: buttonOnEvent.m_PersistentCalls.m_Calls.Array.data[0].m_Arguments.m_ObjectArgumentAssemblyTypeName
      value: UnityEngine.Object, UnityEngine
      objectReference: {fileID: 0}
    - target: {fileID: 114907717457739826, guid: 853c7b61bd9e41742ab9fc8d8c604caf,
        type: 2}
      propertyPath: buttonOffEvent.m_PersistentCalls.m_Calls.Array.data[0].m_Mode
      value: 1
      objectReference: {fileID: 0}
    - target: {fileID: 114907717457739826, guid: 853c7b61bd9e41742ab9fc8d8c604caf,
        type: 2}
      propertyPath: buttonOffEvent.m_PersistentCalls.m_Calls.Array.data[0].m_CallState
      value: 2
      objectReference: {fileID: 0}
    - target: {fileID: 114907717457739826, guid: 853c7b61bd9e41742ab9fc8d8c604caf,
        type: 2}
      propertyPath: buttonOffEvent.m_PersistentCalls.m_Calls.Array.data[0].m_Target
      value: 
      objectReference: {fileID: 810273871}
    - target: {fileID: 114907717457739826, guid: 853c7b61bd9e41742ab9fc8d8c604caf,
        type: 2}
      propertyPath: buttonOffEvent.m_PersistentCalls.m_Calls.Array.data[0].m_MethodName
      value: DoorClose
      objectReference: {fileID: 0}
    - target: {fileID: 114907717457739826, guid: 853c7b61bd9e41742ab9fc8d8c604caf,
        type: 2}
      propertyPath: buttonOffEvent.m_PersistentCalls.m_Calls.Array.data[0].m_Arguments.m_ObjectArgumentAssemblyTypeName
      value: UnityEngine.Object, UnityEngine
      objectReference: {fileID: 0}
    m_RemovedComponents: []
  m_ParentPrefab: {fileID: 100100000, guid: 853c7b61bd9e41742ab9fc8d8c604caf, type: 2}
  m_IsPrefabParent: 0
--- !u!4 &1385928141 stripped
Transform:
  m_PrefabParentObject: {fileID: 400002, guid: 87a2357765801c34292d6718d8b4d770, type: 2}
  m_PrefabInternal: {fileID: 1197846940}
--- !u!1 &1432709468
GameObject:
  m_ObjectHideFlags: 0
  m_PrefabParentObject: {fileID: 0}
  m_PrefabInternal: {fileID: 0}
  serializedVersion: 5
  m_Component:
  - component: {fileID: 1432709471}
  - component: {fileID: 1432709470}
  - component: {fileID: 1432709469}
  m_Layer: 0
  m_Name: GameObject
  m_TagString: Untagged
  m_Icon: {fileID: 0}
  m_NavMeshLayer: 0
  m_StaticEditorFlags: 0
  m_IsActive: 1
--- !u!102 &1432709469
TextMesh:
  serializedVersion: 3
  m_ObjectHideFlags: 0
  m_PrefabParentObject: {fileID: 0}
  m_PrefabInternal: {fileID: 0}
  m_GameObject: {fileID: 1432709468}
  m_Text: To master the upper and lower world, one must master "space" first
  m_OffsetZ: 0
  m_CharacterSize: 1
  m_LineSpacing: 1
  m_Anchor: 0
  m_Alignment: 0
  m_TabSize: 3
  m_FontSize: 7
  m_FontStyle: 1
  m_RichText: 1
  m_Font: {fileID: 0}
  m_Color:
    serializedVersion: 2
    rgba: 4294967295
--- !u!23 &1432709470
MeshRenderer:
  m_ObjectHideFlags: 0
  m_PrefabParentObject: {fileID: 0}
  m_PrefabInternal: {fileID: 0}
  m_GameObject: {fileID: 1432709468}
  m_Enabled: 1
  m_CastShadows: 1
  m_ReceiveShadows: 1
  m_DynamicOccludee: 1
  m_MotionVectors: 1
  m_LightProbeUsage: 1
  m_ReflectionProbeUsage: 1
  m_Materials:
  - {fileID: 10100, guid: 0000000000000000e000000000000000, type: 0}
  m_StaticBatchInfo:
    firstSubMesh: 0
    subMeshCount: 0
  m_StaticBatchRoot: {fileID: 0}
  m_ProbeAnchor: {fileID: 0}
  m_LightProbeVolumeOverride: {fileID: 0}
  m_ScaleInLightmap: 1
  m_PreserveUVs: 0
  m_IgnoreNormalsForChartDetection: 0
  m_ImportantGI: 0
  m_StitchLightmapSeams: 0
  m_SelectedEditorRenderState: 3
  m_MinimumChartSize: 4
  m_AutoUVMaxDistance: 0.5
  m_AutoUVMaxAngle: 89
  m_LightmapParameters: {fileID: 0}
  m_SortingLayerID: 0
  m_SortingLayer: 0
  m_SortingOrder: 0
--- !u!4 &1432709471
Transform:
  m_ObjectHideFlags: 0
  m_PrefabParentObject: {fileID: 0}
  m_PrefabInternal: {fileID: 0}
  m_GameObject: {fileID: 1432709468}
  m_LocalRotation: {x: 0, y: 0, z: 0, w: 1}
  m_LocalPosition: {x: -36.28, y: 10.97, z: -78.80086}
  m_LocalScale: {x: 1, y: 1, z: 1}
  m_Children: []
  m_Father: {fileID: 0}
  m_RootOrder: 5
  m_LocalEulerAnglesHint: {x: 0, y: 0, z: 0}
--- !u!1001 &1469423746
Prefab:
  m_ObjectHideFlags: 0
  serializedVersion: 2
  m_Modification:
    m_TransformParent: {fileID: 451628090}
    m_Modifications:
    - target: {fileID: 4362188136357798, guid: e288889ed1ac74f0baf59f47d5d4d32b, type: 2}
      propertyPath: m_LocalPosition.x
      value: 4.9
      objectReference: {fileID: 0}
    - target: {fileID: 4362188136357798, guid: e288889ed1ac74f0baf59f47d5d4d32b, type: 2}
      propertyPath: m_LocalPosition.y
      value: 1.95
      objectReference: {fileID: 0}
    - target: {fileID: 4362188136357798, guid: e288889ed1ac74f0baf59f47d5d4d32b, type: 2}
      propertyPath: m_LocalPosition.z
      value: -0
      objectReference: {fileID: 0}
    - target: {fileID: 4362188136357798, guid: e288889ed1ac74f0baf59f47d5d4d32b, type: 2}
      propertyPath: m_LocalRotation.x
      value: 0
      objectReference: {fileID: 0}
    - target: {fileID: 4362188136357798, guid: e288889ed1ac74f0baf59f47d5d4d32b, type: 2}
      propertyPath: m_LocalRotation.y
      value: 0
      objectReference: {fileID: 0}
    - target: {fileID: 4362188136357798, guid: e288889ed1ac74f0baf59f47d5d4d32b, type: 2}
      propertyPath: m_LocalRotation.z
      value: 0
      objectReference: {fileID: 0}
    - target: {fileID: 4362188136357798, guid: e288889ed1ac74f0baf59f47d5d4d32b, type: 2}
      propertyPath: m_LocalRotation.w
      value: 1
      objectReference: {fileID: 0}
    - target: {fileID: 4362188136357798, guid: e288889ed1ac74f0baf59f47d5d4d32b, type: 2}
      propertyPath: m_RootOrder
      value: 3
      objectReference: {fileID: 0}
    - target: {fileID: 95011469160607972, guid: e288889ed1ac74f0baf59f47d5d4d32b,
        type: 2}
      propertyPath: m_Controller
      value: 
      objectReference: {fileID: 9100000, guid: 8e859626007cb4680b0fec3d521db5fb, type: 2}
    - target: {fileID: 4362188136357798, guid: e288889ed1ac74f0baf59f47d5d4d32b, type: 2}
      propertyPath: m_LocalScale.y
      value: -0.7298663
      objectReference: {fileID: 0}
    - target: {fileID: 61700625068602738, guid: e288889ed1ac74f0baf59f47d5d4d32b,
        type: 2}
      propertyPath: m_SpriteTilingProperty.oldSize.x
      value: 1.28
      objectReference: {fileID: 0}
    - target: {fileID: 61700625068602738, guid: e288889ed1ac74f0baf59f47d5d4d32b,
        type: 2}
      propertyPath: m_SpriteTilingProperty.oldSize.y
      value: 5.12
      objectReference: {fileID: 0}
    - target: {fileID: 212204174241998866, guid: e288889ed1ac74f0baf59f47d5d4d32b,
        type: 2}
      propertyPath: m_Color.r
      value: 0.33823532
      objectReference: {fileID: 0}
    - target: {fileID: 212204174241998866, guid: e288889ed1ac74f0baf59f47d5d4d32b,
        type: 2}
      propertyPath: m_Color.g
      value: 0.33823532
      objectReference: {fileID: 0}
    - target: {fileID: 212204174241998866, guid: e288889ed1ac74f0baf59f47d5d4d32b,
        type: 2}
      propertyPath: m_Color.b
      value: 0.33823532
      objectReference: {fileID: 0}
    - target: {fileID: 212204174241998866, guid: e288889ed1ac74f0baf59f47d5d4d32b,
        type: 2}
      propertyPath: m_FlipX
      value: 0
      objectReference: {fileID: 0}
    - target: {fileID: 212204174241998866, guid: e288889ed1ac74f0baf59f47d5d4d32b,
        type: 2}
      propertyPath: m_FlipY
      value: 0
      objectReference: {fileID: 0}
    - target: {fileID: 212204174241998866, guid: e288889ed1ac74f0baf59f47d5d4d32b,
        type: 2}
      propertyPath: m_DrawMode
      value: 0
      objectReference: {fileID: 0}
    - target: {fileID: 212204174241998866, guid: e288889ed1ac74f0baf59f47d5d4d32b,
        type: 2}
      propertyPath: m_Color.a
      value: 0.684
      objectReference: {fileID: 0}
    - target: {fileID: 212204174241998866, guid: e288889ed1ac74f0baf59f47d5d4d32b,
        type: 2}
      propertyPath: m_SortingLayerID
      value: -1416355343
      objectReference: {fileID: 0}
    - target: {fileID: 212204174241998866, guid: e288889ed1ac74f0baf59f47d5d4d32b,
        type: 2}
      propertyPath: m_SortingLayer
      value: 1
      objectReference: {fileID: 0}
    - target: {fileID: 212204174241998866, guid: e288889ed1ac74f0baf59f47d5d4d32b,
        type: 2}
      propertyPath: m_SortingOrder
      value: 2
      objectReference: {fileID: 0}
    m_RemovedComponents:
    - {fileID: 114070620060294196, guid: e288889ed1ac74f0baf59f47d5d4d32b, type: 2}
  m_ParentPrefab: {fileID: 100100000, guid: e288889ed1ac74f0baf59f47d5d4d32b, type: 2}
  m_IsPrefabParent: 0
--- !u!1 &1469423747 stripped
GameObject:
  m_PrefabParentObject: {fileID: 1716757764901854, guid: e288889ed1ac74f0baf59f47d5d4d32b,
    type: 2}
  m_PrefabInternal: {fileID: 1469423746}
--- !u!114 &1469423748
MonoBehaviour:
  m_ObjectHideFlags: 0
  m_PrefabParentObject: {fileID: 0}
  m_PrefabInternal: {fileID: 0}
  m_GameObject: {fileID: 1469423747}
  m_Enabled: 1
  m_EditorHideFlags: 0
  m_Script: {fileID: 11500000, guid: fef5787242336d24b8474770a471ea71, type: 3}
  m_Name: 
  m_EditorClassIdentifier: 
--- !u!1 &1509146095
GameObject:
  m_ObjectHideFlags: 0
  m_PrefabParentObject: {fileID: 0}
  m_PrefabInternal: {fileID: 0}
  serializedVersion: 5
  m_Component:
  - component: {fileID: 1509146097}
  - component: {fileID: 1509146096}
  m_Layer: 0
  m_Name: background
  m_TagString: Untagged
  m_Icon: {fileID: 0}
  m_NavMeshLayer: 0
  m_StaticEditorFlags: 0
  m_IsActive: 1
--- !u!212 &1509146096
SpriteRenderer:
  m_ObjectHideFlags: 0
  m_PrefabParentObject: {fileID: 0}
  m_PrefabInternal: {fileID: 0}
  m_GameObject: {fileID: 1509146095}
  m_Enabled: 1
  m_CastShadows: 0
  m_ReceiveShadows: 0
  m_DynamicOccludee: 1
  m_MotionVectors: 1
  m_LightProbeUsage: 1
  m_ReflectionProbeUsage: 1
  m_Materials:
  - {fileID: 10754, guid: 0000000000000000f000000000000000, type: 0}
  m_StaticBatchInfo:
    firstSubMesh: 0
    subMeshCount: 0
  m_StaticBatchRoot: {fileID: 0}
  m_ProbeAnchor: {fileID: 0}
  m_LightProbeVolumeOverride: {fileID: 0}
  m_ScaleInLightmap: 1
  m_PreserveUVs: 0
  m_IgnoreNormalsForChartDetection: 0
  m_ImportantGI: 0
  m_StitchLightmapSeams: 0
  m_SelectedEditorRenderState: 0
  m_MinimumChartSize: 4
  m_AutoUVMaxDistance: 0.5
  m_AutoUVMaxAngle: 89
  m_LightmapParameters: {fileID: 0}
  m_SortingLayerID: 0
  m_SortingLayer: 0
  m_SortingOrder: 0
  m_Sprite: {fileID: 21300000, guid: 7446af70ed4433e43a394864a1905311, type: 3}
  m_Color: {r: 1, g: 1, b: 1, a: 1}
  m_FlipX: 0
  m_FlipY: 0
  m_DrawMode: 0
  m_Size: {x: 19.2, y: 9.29}
  m_AdaptiveModeThreshold: 0.5
  m_SpriteTileMode: 0
  m_WasSpriteAssigned: 1
  m_MaskInteraction: 0
--- !u!4 &1509146097
Transform:
  m_ObjectHideFlags: 0
  m_PrefabParentObject: {fileID: 0}
  m_PrefabInternal: {fileID: 0}
  m_GameObject: {fileID: 1509146095}
  m_LocalRotation: {x: 0, y: 0, z: 0, w: 1}
  m_LocalPosition: {x: 0.535, y: 0.426, z: 0}
  m_LocalScale: {x: 2.6080627, y: 2.9518497, z: 1}
  m_Children: []
  m_Father: {fileID: 0}
  m_RootOrder: 2
  m_LocalEulerAnglesHint: {x: 0, y: 0, z: 0}
--- !u!1001 &1629658080
Prefab:
  m_ObjectHideFlags: 0
  serializedVersion: 2
  m_Modification:
    m_TransformParent: {fileID: 1701544250}
    m_Modifications:
    - target: {fileID: 114907717457739826, guid: 853c7b61bd9e41742ab9fc8d8c604caf,
        type: 2}
      propertyPath: buttonOnEvent.m_PersistentCalls.m_Calls.Array.size
      value: 1
      objectReference: {fileID: 0}
    - target: {fileID: 114907717457739826, guid: 853c7b61bd9e41742ab9fc8d8c604caf,
        type: 2}
      propertyPath: buttonOffEvent.m_PersistentCalls.m_Calls.Array.size
      value: 1
      objectReference: {fileID: 0}
    - target: {fileID: 4165961542524890, guid: 853c7b61bd9e41742ab9fc8d8c604caf, type: 2}
      propertyPath: m_LocalPosition.x
      value: 1.64
      objectReference: {fileID: 0}
    - target: {fileID: 4165961542524890, guid: 853c7b61bd9e41742ab9fc8d8c604caf, type: 2}
      propertyPath: m_LocalPosition.y
      value: -1.35
      objectReference: {fileID: 0}
    - target: {fileID: 4165961542524890, guid: 853c7b61bd9e41742ab9fc8d8c604caf, type: 2}
      propertyPath: m_LocalPosition.z
      value: -0.07
      objectReference: {fileID: 0}
    - target: {fileID: 4165961542524890, guid: 853c7b61bd9e41742ab9fc8d8c604caf, type: 2}
      propertyPath: m_LocalRotation.x
      value: 0.026089692
      objectReference: {fileID: 0}
    - target: {fileID: 4165961542524890, guid: 853c7b61bd9e41742ab9fc8d8c604caf, type: 2}
      propertyPath: m_LocalRotation.y
      value: -0
      objectReference: {fileID: 0}
    - target: {fileID: 4165961542524890, guid: 853c7b61bd9e41742ab9fc8d8c604caf, type: 2}
      propertyPath: m_LocalRotation.z
      value: -0
      objectReference: {fileID: 0}
    - target: {fileID: 4165961542524890, guid: 853c7b61bd9e41742ab9fc8d8c604caf, type: 2}
      propertyPath: m_LocalRotation.w
      value: 0.9996596
      objectReference: {fileID: 0}
    - target: {fileID: 4165961542524890, guid: 853c7b61bd9e41742ab9fc8d8c604caf, type: 2}
      propertyPath: m_RootOrder
      value: 4
      objectReference: {fileID: 0}
    - target: {fileID: 1901532115481766, guid: 853c7b61bd9e41742ab9fc8d8c604caf, type: 2}
      propertyPath: m_Name
      value: ButtonLower
      objectReference: {fileID: 0}
    - target: {fileID: 4165961542524890, guid: 853c7b61bd9e41742ab9fc8d8c604caf, type: 2}
      propertyPath: m_LocalScale.y
      value: -1
      objectReference: {fileID: 0}
    - target: {fileID: 4165961542524890, guid: 853c7b61bd9e41742ab9fc8d8c604caf, type: 2}
      propertyPath: m_LocalScale.z
      value: 1
      objectReference: {fileID: 0}
    - target: {fileID: 114907717457739826, guid: 853c7b61bd9e41742ab9fc8d8c604caf,
        type: 2}
      propertyPath: gateAnim
      value: 
      objectReference: {fileID: 720682875}
    - target: {fileID: 114907717457739826, guid: 853c7b61bd9e41742ab9fc8d8c604caf,
        type: 2}
      propertyPath: gate
      value: 
      objectReference: {fileID: 1469423747}
    - target: {fileID: 114907717457739826, guid: 853c7b61bd9e41742ab9fc8d8c604caf,
        type: 2}
      propertyPath: buttonOnEvent.m_PersistentCalls.m_Calls.Array.data[0].m_Mode
      value: 1
      objectReference: {fileID: 0}
    - target: {fileID: 114907717457739826, guid: 853c7b61bd9e41742ab9fc8d8c604caf,
        type: 2}
      propertyPath: buttonOnEvent.m_PersistentCalls.m_Calls.Array.data[0].m_CallState
      value: 2
      objectReference: {fileID: 0}
    - target: {fileID: 114907717457739826, guid: 853c7b61bd9e41742ab9fc8d8c604caf,
        type: 2}
      propertyPath: buttonOffEvent.m_PersistentCalls.m_Calls.Array.data[0].m_Mode
      value: 1
      objectReference: {fileID: 0}
    - target: {fileID: 114907717457739826, guid: 853c7b61bd9e41742ab9fc8d8c604caf,
        type: 2}
      propertyPath: buttonOffEvent.m_PersistentCalls.m_Calls.Array.data[0].m_CallState
      value: 2
      objectReference: {fileID: 0}
    - target: {fileID: 114907717457739826, guid: 853c7b61bd9e41742ab9fc8d8c604caf,
        type: 2}
      propertyPath: buttonOnEvent.m_PersistentCalls.m_Calls.Array.data[0].m_Target
      value: 
      objectReference: {fileID: 1469423748}
    - target: {fileID: 114907717457739826, guid: 853c7b61bd9e41742ab9fc8d8c604caf,
        type: 2}
      propertyPath: buttonOffEvent.m_PersistentCalls.m_Calls.Array.data[0].m_Target
      value: 
      objectReference: {fileID: 1469423748}
    - target: {fileID: 114907717457739826, guid: 853c7b61bd9e41742ab9fc8d8c604caf,
        type: 2}
      propertyPath: buttonOnEvent.m_PersistentCalls.m_Calls.Array.data[0].m_MethodName
      value: DoorOpen
      objectReference: {fileID: 0}
    - target: {fileID: 114907717457739826, guid: 853c7b61bd9e41742ab9fc8d8c604caf,
        type: 2}
      propertyPath: buttonOnEvent.m_PersistentCalls.m_Calls.Array.data[0].m_Arguments.m_ObjectArgumentAssemblyTypeName
      value: UnityEngine.Object, UnityEngine
      objectReference: {fileID: 0}
    - target: {fileID: 114907717457739826, guid: 853c7b61bd9e41742ab9fc8d8c604caf,
        type: 2}
      propertyPath: buttonOffEvent.m_PersistentCalls.m_Calls.Array.data[0].m_MethodName
      value: DoorClose
      objectReference: {fileID: 0}
    - target: {fileID: 114907717457739826, guid: 853c7b61bd9e41742ab9fc8d8c604caf,
        type: 2}
      propertyPath: buttonOffEvent.m_PersistentCalls.m_Calls.Array.data[0].m_Arguments.m_ObjectArgumentAssemblyTypeName
      value: UnityEngine.Object, UnityEngine
      objectReference: {fileID: 0}
    m_RemovedComponents: []
  m_ParentPrefab: {fileID: 100100000, guid: 853c7b61bd9e41742ab9fc8d8c604caf, type: 2}
  m_IsPrefabParent: 0
--- !u!1 &1659435048
GameObject:
  m_ObjectHideFlags: 0
  m_PrefabParentObject: {fileID: 0}
  m_PrefabInternal: {fileID: 0}
  serializedVersion: 5
  m_Component:
  - component: {fileID: 1659435052}
  - component: {fileID: 1659435051}
  - component: {fileID: 1659435050}
  - component: {fileID: 1659435049}
  m_Layer: 0
  m_Name: Crate2
  m_TagString: Item
  m_Icon: {fileID: 0}
  m_NavMeshLayer: 0
  m_StaticEditorFlags: 0
  m_IsActive: 1
--- !u!61 &1659435049
BoxCollider2D:
  m_ObjectHideFlags: 0
  m_PrefabParentObject: {fileID: 0}
  m_PrefabInternal: {fileID: 0}
  m_GameObject: {fileID: 1659435048}
  m_Enabled: 1
  m_Density: 1
  m_Material: {fileID: 0}
  m_IsTrigger: 0
  m_UsedByEffector: 0
  m_UsedByComposite: 0
  m_Offset: {x: 0, y: 0}
  m_SpriteTilingProperty:
    border: {x: 0, y: 0, z: 0, w: 0}
    pivot: {x: 0.5, y: 0.5}
    oldSize: {x: 5.12, y: 5.12}
    newSize: {x: 5.12, y: 5.12}
    adaptiveTilingThreshold: 0.5
    drawMode: 0
    adaptiveTiling: 0
  m_AutoTiling: 0
  serializedVersion: 2
  m_Size: {x: 5.12, y: 5.12}
  m_EdgeRadius: 0
--- !u!50 &1659435050
Rigidbody2D:
  serializedVersion: 4
  m_ObjectHideFlags: 0
  m_PrefabParentObject: {fileID: 0}
  m_PrefabInternal: {fileID: 0}
  m_GameObject: {fileID: 1659435048}
  m_BodyType: 0
  m_Simulated: 1
  m_UseFullKinematicContacts: 0
  m_UseAutoMass: 0
  m_Mass: 1
  m_LinearDrag: 0
  m_AngularDrag: 0.05
  m_GravityScale: 1
  m_Material: {fileID: 0}
  m_Interpolate: 0
  m_SleepingMode: 1
  m_CollisionDetection: 0
  m_Constraints: 0
--- !u!212 &1659435051
SpriteRenderer:
  m_ObjectHideFlags: 0
  m_PrefabParentObject: {fileID: 0}
  m_PrefabInternal: {fileID: 0}
  m_GameObject: {fileID: 1659435048}
  m_Enabled: 1
  m_CastShadows: 0
  m_ReceiveShadows: 0
  m_DynamicOccludee: 1
  m_MotionVectors: 1
  m_LightProbeUsage: 1
  m_ReflectionProbeUsage: 1
  m_Materials:
  - {fileID: 10754, guid: 0000000000000000f000000000000000, type: 0}
  m_StaticBatchInfo:
    firstSubMesh: 0
    subMeshCount: 0
  m_StaticBatchRoot: {fileID: 0}
  m_ProbeAnchor: {fileID: 0}
  m_LightProbeVolumeOverride: {fileID: 0}
  m_ScaleInLightmap: 1
  m_PreserveUVs: 0
  m_IgnoreNormalsForChartDetection: 0
  m_ImportantGI: 0
  m_StitchLightmapSeams: 0
  m_SelectedEditorRenderState: 0
  m_MinimumChartSize: 4
  m_AutoUVMaxDistance: 0.5
  m_AutoUVMaxAngle: 89
  m_LightmapParameters: {fileID: 0}
  m_SortingLayerID: -1385276929
  m_SortingLayer: 3
  m_SortingOrder: 0
  m_Sprite: {fileID: 21300000, guid: 1f7124cb958251f44a4e34e02fc4133e, type: 3}
  m_Color: {r: 1, g: 1, b: 1, a: 1}
  m_FlipX: 0
  m_FlipY: 0
  m_DrawMode: 0
  m_Size: {x: 5.12, y: 5.12}
  m_AdaptiveModeThreshold: 0.5
  m_SpriteTileMode: 0
  m_WasSpriteAssigned: 1
  m_MaskInteraction: 0
--- !u!4 &1659435052
Transform:
  m_ObjectHideFlags: 0
  m_PrefabParentObject: {fileID: 0}
  m_PrefabInternal: {fileID: 0}
  m_GameObject: {fileID: 1659435048}
  m_LocalRotation: {x: -0, y: -0, z: -0, w: 1}
  m_LocalPosition: {x: -6.33, y: -2.01, z: 0.04}
  m_LocalScale: {x: 0.2, y: -0.2, z: 0.2}
  m_Children: []
  m_Father: {fileID: 1701544250}
  m_RootOrder: 0
  m_LocalEulerAnglesHint: {x: 0, y: 0, z: 0}
--- !u!1 &1675530275
GameObject:
  m_ObjectHideFlags: 0
  m_PrefabParentObject: {fileID: 0}
  m_PrefabInternal: {fileID: 0}
  serializedVersion: 5
  m_Component:
  - component: {fileID: 1675530276}
  m_Layer: 10
  m_Name: Ground
  m_TagString: Untagged
  m_Icon: {fileID: 0}
  m_NavMeshLayer: 0
  m_StaticEditorFlags: 4294967295
  m_IsActive: 1
--- !u!4 &1675530276
Transform:
  m_ObjectHideFlags: 0
  m_PrefabParentObject: {fileID: 0}
  m_PrefabInternal: {fileID: 0}
  m_GameObject: {fileID: 1675530275}
  m_LocalRotation: {x: -0, y: -0, z: -0, w: 1}
  m_LocalPosition: {x: -6.9966, y: 0, z: 0}
  m_LocalScale: {x: 4, y: 4, z: 4}
  m_Children:
  - {fileID: 431342456}
  - {fileID: 1888475908}
  - {fileID: 1741099089}
  - {fileID: 461264305}
  - {fileID: 70044775}
  m_Father: {fileID: 1744712883}
  m_RootOrder: 2
  m_LocalEulerAnglesHint: {x: 0, y: 0, z: 0}
--- !u!1 &1701544249
GameObject:
  m_ObjectHideFlags: 0
  m_PrefabParentObject: {fileID: 0}
  m_PrefabInternal: {fileID: 0}
  serializedVersion: 5
  m_Component:
  - component: {fileID: 1701544250}
  - component: {fileID: 1701544251}
  m_Layer: 0
  m_Name: Lower
  m_TagString: Untagged
  m_Icon: {fileID: 0}
  m_NavMeshLayer: 0
  m_StaticEditorFlags: 0
  m_IsActive: 1
--- !u!4 &1701544250
Transform:
  m_ObjectHideFlags: 0
  m_PrefabParentObject: {fileID: 0}
  m_PrefabInternal: {fileID: 0}
  m_GameObject: {fileID: 1701544249}
  m_LocalRotation: {x: 0, y: 0, z: 0, w: 1}
  m_LocalPosition: {x: 0, y: 0, z: 0}
  m_LocalScale: {x: 1, y: 1, z: 1}
  m_Children:
  - {fileID: 1659435052}
  - {fileID: 1385928141}
  - {fileID: 164599736}
  - {fileID: 470699557}
  - {fileID: 733827727}
  m_Father: {fileID: 1744712883}
  m_RootOrder: 1
  m_LocalEulerAnglesHint: {x: 0, y: 0, z: 0}
--- !u!114 &1701544251
MonoBehaviour:
  m_ObjectHideFlags: 0
  m_PrefabParentObject: {fileID: 0}
  m_PrefabInternal: {fileID: 0}
  m_GameObject: {fileID: 1701544249}
  m_Enabled: 1
  m_EditorHideFlags: 0
  m_Script: {fileID: 11500000, guid: 74fbb33f033684e4ea1b17ff3ab3d693, type: 3}
  m_Name: 
  m_EditorClassIdentifier: 
  isUpper: 0
--- !u!1 &1741099088
GameObject:
  m_ObjectHideFlags: 0
  m_PrefabParentObject: {fileID: 0}
  m_PrefabInternal: {fileID: 0}
  serializedVersion: 5
  m_Component:
  - component: {fileID: 1741099089}
  - component: {fileID: 1741099090}
  - component: {fileID: 1741099091}
  m_Layer: 10
  m_Name: caveFloatingPlatform_1 (1)
  m_TagString: Untagged
  m_Icon: {fileID: 0}
  m_NavMeshLayer: 0
  m_StaticEditorFlags: 4294967295
  m_IsActive: 1
--- !u!4 &1741099089
Transform:
  m_ObjectHideFlags: 0
  m_PrefabParentObject: {fileID: 0}
  m_PrefabInternal: {fileID: 0}
  m_GameObject: {fileID: 1741099088}
  m_LocalRotation: {x: -0, y: -0, z: -0, w: 1}
  m_LocalPosition: {x: 1.416, y: -0.095, z: 0}
  m_LocalScale: {x: 1, y: 1, z: 1}
  m_Children: []
  m_Father: {fileID: 1675530276}
  m_RootOrder: 2
  m_LocalEulerAnglesHint: {x: 0, y: 0, z: 0}
--- !u!212 &1741099090
SpriteRenderer:
  m_ObjectHideFlags: 0
  m_PrefabParentObject: {fileID: 0}
  m_PrefabInternal: {fileID: 0}
  m_GameObject: {fileID: 1741099088}
  m_Enabled: 1
  m_CastShadows: 0
  m_ReceiveShadows: 0
  m_DynamicOccludee: 1
  m_MotionVectors: 1
  m_LightProbeUsage: 1
  m_ReflectionProbeUsage: 1
  m_Materials:
  - {fileID: 10754, guid: 0000000000000000f000000000000000, type: 0}
  m_StaticBatchInfo:
    firstSubMesh: 0
    subMeshCount: 0
  m_StaticBatchRoot: {fileID: 0}
  m_ProbeAnchor: {fileID: 0}
  m_LightProbeVolumeOverride: {fileID: 0}
  m_ScaleInLightmap: 1
  m_PreserveUVs: 0
  m_IgnoreNormalsForChartDetection: 0
  m_ImportantGI: 0
  m_StitchLightmapSeams: 0
  m_SelectedEditorRenderState: 0
  m_MinimumChartSize: 4
  m_AutoUVMaxDistance: 0.5
  m_AutoUVMaxAngle: 89
  m_LightmapParameters: {fileID: 0}
  m_SortingLayerID: 377172545
  m_SortingLayer: 2
  m_SortingOrder: 0
  m_Sprite: {fileID: 21300002, guid: 51736fbddf4e188448917d8002d2b675, type: 3}
  m_Color: {r: 1, g: 1, b: 1, a: 1}
  m_FlipX: 0
  m_FlipY: 0
  m_DrawMode: 0
  m_Size: {x: 0.64, y: 0.29}
  m_AdaptiveModeThreshold: 0.5
  m_SpriteTileMode: 0
  m_WasSpriteAssigned: 1
  m_MaskInteraction: 0
--- !u!61 &1741099091
BoxCollider2D:
  m_ObjectHideFlags: 0
  m_PrefabParentObject: {fileID: 0}
  m_PrefabInternal: {fileID: 0}
  m_GameObject: {fileID: 1741099088}
  m_Enabled: 1
  m_Density: 1
  m_Material: {fileID: 0}
  m_IsTrigger: 0
  m_UsedByEffector: 0
  m_UsedByComposite: 0
  m_Offset: {x: 0, y: 0}
  m_SpriteTilingProperty:
    border: {x: 0, y: 0, z: 0, w: 0}
    pivot: {x: 0.5, y: 0.5}
    oldSize: {x: 0.64, y: 0.29}
    newSize: {x: 0.64, y: 0.29}
    adaptiveTilingThreshold: 0.5
    drawMode: 0
    adaptiveTiling: 0
  m_AutoTiling: 0
  serializedVersion: 2
  m_Size: {x: 0.64, y: 0.29}
  m_EdgeRadius: 0
--- !u!1 &1744712882
GameObject:
  m_ObjectHideFlags: 0
  m_PrefabParentObject: {fileID: 0}
  m_PrefabInternal: {fileID: 0}
  serializedVersion: 5
  m_Component:
  - component: {fileID: 1744712883}
  - component: {fileID: 1744712884}
  m_Layer: 0
  m_Name: World
  m_TagString: Untagged
  m_Icon: {fileID: 0}
  m_NavMeshLayer: 0
  m_StaticEditorFlags: 0
  m_IsActive: 1
--- !u!4 &1744712883
Transform:
  m_ObjectHideFlags: 0
  m_PrefabParentObject: {fileID: 0}
  m_PrefabInternal: {fileID: 0}
  m_GameObject: {fileID: 1744712882}
  m_LocalRotation: {x: -0.026089692, y: 0, z: 0, w: 0.9996596}
  m_LocalPosition: {x: 0, y: 0, z: 0}
  m_LocalScale: {x: 1, y: 1, z: 1}
  m_Children:
  - {fileID: 451628090}
  - {fileID: 1701544250}
  - {fileID: 1675530276}
  m_Father: {fileID: 0}
  m_RootOrder: 1
  m_LocalEulerAnglesHint: {x: -2.99, y: 0, z: 0}
--- !u!114 &1744712884
MonoBehaviour:
  m_ObjectHideFlags: 0
  m_PrefabParentObject: {fileID: 0}
  m_PrefabInternal: {fileID: 0}
  m_GameObject: {fileID: 1744712882}
  m_Enabled: 1
  m_EditorHideFlags: 0
  m_Script: {fileID: 11500000, guid: 7cf520caa91529248b54200298c48c28, type: 3}
  m_Name: 
  m_EditorClassIdentifier: 
  playerUp: {fileID: 238505864}
  playerDown: {fileID: 897725394}
  flipped: 0
--- !u!1 &1888475907
GameObject:
  m_ObjectHideFlags: 0
  m_PrefabParentObject: {fileID: 0}
  m_PrefabInternal: {fileID: 0}
  serializedVersion: 5
  m_Component:
  - component: {fileID: 1888475908}
  - component: {fileID: 1888475909}
  - component: {fileID: 1888475910}
  m_Layer: 10
  m_Name: caveFloatingPlatform_1
  m_TagString: Untagged
  m_Icon: {fileID: 0}
  m_NavMeshLayer: 0
  m_StaticEditorFlags: 4294967295
  m_IsActive: 1
--- !u!4 &1888475908
Transform:
  m_ObjectHideFlags: 0
  m_PrefabParentObject: {fileID: 0}
  m_PrefabInternal: {fileID: 0}
  m_GameObject: {fileID: 1888475907}
  m_LocalRotation: {x: -0, y: -0, z: -0, w: 1}
  m_LocalPosition: {x: 0.78, y: -0.091, z: 0}
  m_LocalScale: {x: 1, y: 1, z: 1}
  m_Children: []
  m_Father: {fileID: 1675530276}
  m_RootOrder: 1
  m_LocalEulerAnglesHint: {x: 0, y: 0, z: 0}
--- !u!212 &1888475909
SpriteRenderer:
  m_ObjectHideFlags: 0
  m_PrefabParentObject: {fileID: 0}
  m_PrefabInternal: {fileID: 0}
  m_GameObject: {fileID: 1888475907}
  m_Enabled: 1
  m_CastShadows: 0
  m_ReceiveShadows: 0
  m_DynamicOccludee: 1
  m_MotionVectors: 1
  m_LightProbeUsage: 1
  m_ReflectionProbeUsage: 1
  m_Materials:
  - {fileID: 10754, guid: 0000000000000000f000000000000000, type: 0}
  m_StaticBatchInfo:
    firstSubMesh: 0
    subMeshCount: 0
  m_StaticBatchRoot: {fileID: 0}
  m_ProbeAnchor: {fileID: 0}
  m_LightProbeVolumeOverride: {fileID: 0}
  m_ScaleInLightmap: 1
  m_PreserveUVs: 0
  m_IgnoreNormalsForChartDetection: 0
  m_ImportantGI: 0
  m_StitchLightmapSeams: 0
  m_SelectedEditorRenderState: 0
  m_MinimumChartSize: 4
  m_AutoUVMaxDistance: 0.5
  m_AutoUVMaxAngle: 89
  m_LightmapParameters: {fileID: 0}
  m_SortingLayerID: 377172545
  m_SortingLayer: 2
  m_SortingOrder: 0
  m_Sprite: {fileID: 21300002, guid: 51736fbddf4e188448917d8002d2b675, type: 3}
  m_Color: {r: 1, g: 1, b: 1, a: 1}
  m_FlipX: 0
  m_FlipY: 0
  m_DrawMode: 0
  m_Size: {x: 0.64, y: 0.29}
  m_AdaptiveModeThreshold: 0.5
  m_SpriteTileMode: 0
  m_WasSpriteAssigned: 1
  m_MaskInteraction: 0
--- !u!61 &1888475910
BoxCollider2D:
  m_ObjectHideFlags: 0
  m_PrefabParentObject: {fileID: 0}
  m_PrefabInternal: {fileID: 0}
  m_GameObject: {fileID: 1888475907}
  m_Enabled: 1
  m_Density: 1
  m_Material: {fileID: 0}
  m_IsTrigger: 0
  m_UsedByEffector: 0
  m_UsedByComposite: 0
  m_Offset: {x: 0, y: 0}
  m_SpriteTilingProperty:
    border: {x: 0, y: 0, z: 0, w: 0}
    pivot: {x: 0.5, y: 0.5}
    oldSize: {x: 0.64, y: 0.29}
    newSize: {x: 0.64, y: 0.29}
    adaptiveTilingThreshold: 0.5
    drawMode: 0
    adaptiveTiling: 0
  m_AutoTiling: 0
  serializedVersion: 2
  m_Size: {x: 0.64, y: 0.29}
  m_EdgeRadius: 0
--- !u!1 &1992794426
GameObject:
  m_ObjectHideFlags: 0
  m_PrefabParentObject: {fileID: 0}
  m_PrefabInternal: {fileID: 0}
  serializedVersion: 5
  m_Component:
  - component: {fileID: 1992794431}
  - component: {fileID: 1992794430}
  - component: {fileID: 1992794429}
  - component: {fileID: 1992794428}
  - component: {fileID: 1992794427}
  - component: {fileID: 1992794432}
  - component: {fileID: 1992794433}
  m_Layer: 0
  m_Name: Main Camera
  m_TagString: MainCamera
  m_Icon: {fileID: 0}
  m_NavMeshLayer: 0
  m_StaticEditorFlags: 0
  m_IsActive: 1
--- !u!81 &1992794427
AudioListener:
  m_ObjectHideFlags: 0
  m_PrefabParentObject: {fileID: 0}
  m_PrefabInternal: {fileID: 0}
  m_GameObject: {fileID: 1992794426}
  m_Enabled: 1
--- !u!124 &1992794428
Behaviour:
  m_ObjectHideFlags: 0
  m_PrefabParentObject: {fileID: 0}
  m_PrefabInternal: {fileID: 0}
  m_GameObject: {fileID: 1992794426}
  m_Enabled: 1
--- !u!92 &1992794429
Behaviour:
  m_ObjectHideFlags: 0
  m_PrefabParentObject: {fileID: 0}
  m_PrefabInternal: {fileID: 0}
  m_GameObject: {fileID: 1992794426}
  m_Enabled: 1
--- !u!20 &1992794430
Camera:
  m_ObjectHideFlags: 0
  m_PrefabParentObject: {fileID: 0}
  m_PrefabInternal: {fileID: 0}
  m_GameObject: {fileID: 1992794426}
  m_Enabled: 1
  serializedVersion: 2
  m_ClearFlags: 1
  m_BackGroundColor: {r: 0, g: 0, b: 0, a: 0}
  m_NormalizedViewPortRect:
    serializedVersion: 2
    x: 0
    y: 0
    width: 1
    height: 1
  near clip plane: 0.3
  far clip plane: 1000
  field of view: 60
  orthographic: 1
  orthographic size: 9.93
  m_Depth: -1
  m_CullingMask:
    serializedVersion: 2
    m_Bits: 4294967295
  m_RenderingPath: -1
  m_TargetTexture: {fileID: 0}
  m_TargetDisplay: 0
  m_TargetEye: 3
  m_HDR: 1
  m_AllowMSAA: 1
  m_AllowDynamicResolution: 0
  m_ForceIntoRT: 0
  m_OcclusionCulling: 1
  m_StereoConvergence: 10
  m_StereoSeparation: 0.022
--- !u!4 &1992794431
Transform:
  m_ObjectHideFlags: 0
  m_PrefabParentObject: {fileID: 0}
  m_PrefabInternal: {fileID: 0}
  m_GameObject: {fileID: 1992794426}
  m_LocalRotation: {x: 0, y: 0, z: 0, w: 1}
  m_LocalPosition: {x: 0, y: 0, z: -10}
  m_LocalScale: {x: 1, y: 1, z: 1}
  m_Children: []
  m_Father: {fileID: 0}
  m_RootOrder: 0
  m_LocalEulerAnglesHint: {x: 0, y: 0, z: 0}
--- !u!114 &1992794432
MonoBehaviour:
  m_ObjectHideFlags: 0
  m_PrefabParentObject: {fileID: 0}
  m_PrefabInternal: {fileID: 0}
  m_GameObject: {fileID: 1992794426}
  m_Enabled: 1
  m_EditorHideFlags: 0
  m_Script: {fileID: 11500000, guid: f572483e64b73464985137bce1355e2a, type: 3}
  m_Name: 
  m_EditorClassIdentifier: 
  gameManager: {fileID: 1038870210953956, guid: 8a7d566ad84f24244a74a38f9df65cdf,
    type: 2}
--- !u!82 &1992794433
AudioSource:
  m_ObjectHideFlags: 0
  m_PrefabParentObject: {fileID: 0}
  m_PrefabInternal: {fileID: 0}
  m_GameObject: {fileID: 1992794426}
  m_Enabled: 1
  serializedVersion: 4
  OutputAudioMixerGroup: {fileID: 0}
  m_audioClip: {fileID: 8300000, guid: 3422ea4f31d0dc34c8914d37ebe38884, type: 3}
  m_PlayOnAwake: 1
  m_Volume: 1
  m_Pitch: 1
  Loop: 0
  Mute: 0
  Spatialize: 0
  SpatializePostEffects: 0
  Priority: 128
  DopplerLevel: 1
  MinDistance: 1
  MaxDistance: 500
  Pan2D: 0
  rolloffMode: 0
  BypassEffects: 0
  BypassListenerEffects: 0
  BypassReverbZones: 0
  rolloffCustomCurve:
    serializedVersion: 2
    m_Curve:
    - serializedVersion: 2
      time: 0
      value: 1
      inSlope: 0
      outSlope: 0
      tangentMode: 0
    - serializedVersion: 2
      time: 1
      value: 0
      inSlope: 0
      outSlope: 0
      tangentMode: 0
    m_PreInfinity: 2
    m_PostInfinity: 2
    m_RotationOrder: 4
  panLevelCustomCurve:
    serializedVersion: 2
    m_Curve:
    - serializedVersion: 2
      time: 0
      value: 0
      inSlope: 0
      outSlope: 0
      tangentMode: 0
    m_PreInfinity: 2
    m_PostInfinity: 2
    m_RotationOrder: 0
  spreadCustomCurve:
    serializedVersion: 2
    m_Curve:
    - serializedVersion: 2
      time: 0
      value: 0
      inSlope: 0
      outSlope: 0
      tangentMode: 0
    m_PreInfinity: 2
    m_PostInfinity: 2
    m_RotationOrder: 4
  reverbZoneMixCustomCurve:
    serializedVersion: 2
    m_Curve:
    - serializedVersion: 2
      time: 0
      value: 1
      inSlope: 0
      outSlope: 0
      tangentMode: 0
    m_PreInfinity: 2
    m_PostInfinity: 2
    m_RotationOrder: 0
--- !u!1 &2049025818
GameObject:
  m_ObjectHideFlags: 0
  m_PrefabParentObject: {fileID: 0}
  m_PrefabInternal: {fileID: 0}
  serializedVersion: 5
  m_Component:
  - component: {fileID: 2049025823}
  - component: {fileID: 2049025822}
  - component: {fileID: 2049025821}
  - component: {fileID: 2049025820}
  - component: {fileID: 2049025819}
  m_Layer: 0
  m_Name: TextMeshPro
  m_TagString: Untagged
  m_Icon: {fileID: 0}
  m_NavMeshLayer: 0
  m_StaticEditorFlags: 0
  m_IsActive: 1
--- !u!114 &2049025819
MonoBehaviour:
  m_ObjectHideFlags: 0
  m_PrefabParentObject: {fileID: 0}
  m_PrefabInternal: {fileID: 0}
  m_GameObject: {fileID: 2049025818}
  m_Enabled: 1
  m_EditorHideFlags: 0
  m_Script: {fileID: -806885394, guid: 89f0137620f6af44b9ba852b4190e64e, type: 3}
  m_Name: 
  m_EditorClassIdentifier: 
  m_Material: {fileID: 0}
  m_Color: {r: 1, g: 1, b: 1, a: 1}
  m_RaycastTarget: 1
  m_OnCullStateChanged:
    m_PersistentCalls:
      m_Calls: []
    m_TypeName: UnityEngine.UI.MaskableGraphic+CullStateChangedEvent, UnityEngine.UI,
      Version=1.0.0.0, Culture=neutral, PublicKeyToken=null
  m_text: To master the upper and lower world, one must master "space"
  m_isRightToLeft: 0
  m_fontAsset: {fileID: 11400000, guid: 163292f6f226d954593d45b079f8aae0, type: 2}
  m_sharedMaterial: {fileID: 2140032, guid: 163292f6f226d954593d45b079f8aae0, type: 2}
  m_fontSharedMaterials: []
  m_fontMaterial: {fileID: 0}
  m_fontMaterials: []
  m_fontColor32:
    serializedVersion: 2
    rgba: 4278255615
  m_fontColor: {r: 1, g: 1, b: 0, a: 1}
  m_enableVertexGradient: 0
  m_fontColorGradient:
    topLeft: {r: 1, g: 1, b: 1, a: 1}
    topRight: {r: 1, g: 1, b: 1, a: 1}
    bottomLeft: {r: 1, g: 1, b: 1, a: 1}
    bottomRight: {r: 1, g: 1, b: 1, a: 1}
  m_fontColorGradientPreset: {fileID: 0}
  m_spriteAsset: {fileID: 0}
  m_tintAllSprites: 0
  m_overrideHtmlColors: 0
  m_faceColor:
    serializedVersion: 2
    rgba: 4294967295
  m_outlineColor:
    serializedVersion: 2
    rgba: 4278190080
  m_fontSize: 10
  m_fontSizeBase: 10
  m_fontWeight: 400
  m_enableAutoSizing: 0
  m_fontSizeMin: 18
  m_fontSizeMax: 72
  m_fontStyle: 0
  m_textAlignment: 257
  m_isAlignmentEnumConverted: 1
  m_characterSpacing: 0
  m_wordSpacing: 0
  m_lineSpacing: 0
  m_lineSpacingMax: 0
  m_paragraphSpacing: 0
  m_charWidthMaxAdj: 0
  m_enableWordWrapping: 1
  m_wordWrappingRatios: 0.4
  m_overflowMode: 0
  m_firstOverflowCharacterIndex: -1
  m_linkedTextComponent: {fileID: 0}
  m_isLinkedTextComponent: 0
  m_enableKerning: 1
  m_enableExtraPadding: 0
  checkPaddingRequired: 0
  m_isRichText: 1
  m_parseCtrlCharacters: 1
  m_isOrthographic: 0
  m_isCullingEnabled: 0
  m_ignoreRectMaskCulling: 0
  m_ignoreCulling: 1
  m_horizontalMapping: 0
  m_verticalMapping: 0
  m_uvLineOffset: 0
  m_geometrySortingOrder: 0
  m_firstVisibleCharacter: 0
  m_useMaxVisibleDescender: 1
  m_pageToDisplay: 1
  m_margin: {x: -12.322665, y: 0, z: 13.464673, w: 0}
  m_textInfo:
    textComponent: {fileID: 2049025819}
    characterCount: 60
    spriteCount: 0
    spaceCount: 10
    wordCount: 11
    linkCount: 0
    lineCount: 2
    pageCount: 1
    materialCount: 1
  m_havePropertiesChanged: 0
  m_isUsingLegacyAnimationComponent: 0
  m_isVolumetricText: 0
  m_spriteAnimator: {fileID: 0}
  m_isInputParsingRequired: 0
  m_inputSource: 0
  m_hasFontAssetChanged: 0
  m_renderer: {fileID: 2049025821}
  m_subTextObjects:
  - {fileID: 0}
  - {fileID: 0}
  - {fileID: 0}
  - {fileID: 0}
  - {fileID: 0}
  - {fileID: 0}
  - {fileID: 0}
  - {fileID: 0}
  m_maskType: 0
--- !u!222 &2049025820
CanvasRenderer:
  m_ObjectHideFlags: 2
  m_PrefabParentObject: {fileID: 0}
  m_PrefabInternal: {fileID: 0}
  m_GameObject: {fileID: 2049025818}
--- !u!23 &2049025821
MeshRenderer:
  m_ObjectHideFlags: 0
  m_PrefabParentObject: {fileID: 0}
  m_PrefabInternal: {fileID: 0}
  m_GameObject: {fileID: 2049025818}
  m_Enabled: 1
  m_CastShadows: 0
  m_ReceiveShadows: 0
  m_DynamicOccludee: 1
  m_MotionVectors: 1
  m_LightProbeUsage: 1
  m_ReflectionProbeUsage: 1
  m_Materials:
  - {fileID: 2140032, guid: 163292f6f226d954593d45b079f8aae0, type: 2}
  m_StaticBatchInfo:
    firstSubMesh: 0
    subMeshCount: 0
  m_StaticBatchRoot: {fileID: 0}
  m_ProbeAnchor: {fileID: 0}
  m_LightProbeVolumeOverride: {fileID: 0}
  m_ScaleInLightmap: 1
  m_PreserveUVs: 0
  m_IgnoreNormalsForChartDetection: 0
  m_ImportantGI: 0
  m_StitchLightmapSeams: 0
  m_SelectedEditorRenderState: 3
  m_MinimumChartSize: 4
  m_AutoUVMaxDistance: 0.5
  m_AutoUVMaxAngle: 89
  m_LightmapParameters: {fileID: 0}
  m_SortingLayerID: 0
  m_SortingLayer: 0
  m_SortingOrder: 0
--- !u!33 &2049025822
MeshFilter:
  m_ObjectHideFlags: 2
  m_PrefabParentObject: {fileID: 0}
  m_PrefabInternal: {fileID: 0}
  m_GameObject: {fileID: 2049025818}
  m_Mesh: {fileID: 0}
--- !u!224 &2049025823
RectTransform:
  m_ObjectHideFlags: 0
  m_PrefabParentObject: {fileID: 0}
  m_PrefabInternal: {fileID: 0}
  m_GameObject: {fileID: 2049025818}
  m_LocalRotation: {x: 0, y: 0, z: 0, w: 1}
  m_LocalPosition: {x: 0, y: 0, z: 0}
  m_LocalScale: {x: 1, y: 1, z: 1}
  m_Children: []
  m_Father: {fileID: 0}
  m_RootOrder: 6
  m_LocalEulerAnglesHint: {x: 0, y: 0, z: 0}
  m_AnchorMin: {x: 0.5, y: 0.5}
  m_AnchorMax: {x: 0.5, y: 0.5}
  m_AnchoredPosition: {x: 14.094353, y: 5.0229287}
  m_SizeDelta: {x: 20, y: 5}
  m_Pivot: {x: 0.5, y: 0.5}
